2025-01-21 15:00:00.044,23354,23356,23354,51,-51
2025-01-21 15:00:00.045,23354,23356,23354,1,-1
2025-01-21 15:00:00.124,23353,23354,23354,2,2
2025-01-21 15:00:00.152,23353,23354,23354,1,1
2025-01-21 15:00:00.156,23353,23354,23354,1,1
2025-01-21 15:00:00.160,23353,23354,23353,1,-1
2025-01-21 15:00:00.210,23353,23354,23355,1,1
2025-01-21 15:00:00.222,23353,23354,23352,5,-5
2025-01-21 15:00:00.227,23350,23352,23350,1,-1
2025-01-21 15:00:00.237,23350,23352,23351,1,-1
2025-01-21 15:00:00.237,23350,23352,23352,1,1
2025-01-21 15:00:00.326,23350,23352,23354,1,1
2025-01-21 15:00:00.327,23350,23352,23351,1,1
2025-01-21 15:00:00.346,23350,23352,23350,1,-1
2025-01-21 15:00:00.350,23350,23354,23354,1,1
2025-01-21 15:00:00.357,23350,23354,23351,1,-1
2025-01-21 15:00:00.369,23350,23354,23352,1,-1
2025-01-21 15:00:00.485,23350,23352,23351,1,-1
2025-01-21 15:00:00.515,23350,23352,23352,1,1
2025-01-21 15:00:00.556,23350,23352,23352,1,1
2025-01-21 15:00:00.561,23350,23352,23353,1,1
2025-01-21 15:00:00.608,23350,23353,23350,1,-1
2025-01-21 15:00:00.613,23350,23353,23350,1,-1
2025-01-21 15:00:00.617,23350,23353,23350,1,-1
2025-01-21 15:00:00.731,23350,23353,23353,1,1
2025-01-21 15:00:00.750,23350,23353,23350,1,-1
2025-01-21 15:00:01.375,23350,23353,23353,2,2
2025-01-21 15:00:01.377,23350,23353,23351,2,-2
2025-01-21 15:00:01.378,23350,23353,23351,1,-1
2025-01-21 15:00:01.847,23351,23353,23353,1,1
2025-01-21 15:00:01.848,23351,23353,23351,4,-4
2025-01-21 15:00:02.196,23350,23353,23350,1,-1
2025-01-21 15:00:02.474,23350,23353,23353,1,1
2025-01-21 15:00:02.707,23351,23355,23355,1,1
2025-01-21 15:00:02.709,23351,23355,23352,1,-1
2025-01-21 15:00:02.823,23351,23355,23352,1,-1
2025-01-21 15:00:05.513,23352,23356,23352,2,-2
2025-01-21 15:00:05.518,23352,23356,23351,1,-1
2025-01-21 15:00:05.521,23352,23356,23351,1,-1
2025-01-21 15:00:05.623,23350,23354,23354,1,1
2025-01-21 15:00:09.066,23351,23355,23351,1,-1
2025-01-21 15:00:09.418,23351,23355,23351,1,-1
2025-01-21 15:00:10.467,23350,23354,23352,1,-1
2025-01-21 15:00:12.607,23350,23354,23354,1,1
2025-01-21 15:00:13.700,23350,23354,23352,1,1
2025-01-21 15:00:15.373,23350,23354,23351,1,-1
2025-01-21 15:00:15.405,23350,23354,23354,1,1
2025-01-21 15:00:15.528,23350,23354,23351,2,-2
2025-01-21 15:00:15.608,23350,23354,23351,3,-3
2025-01-21 15:00:15.610,23350,23354,23351,1,-1
2025-01-21 15:00:16.657,23351,23354,23351,1,-1
2025-01-21 15:00:16.659,23351,23354,23351,1,-1
2025-01-21 15:00:16.885,23350,23354,23352,1,-1
2025-01-21 15:00:17.309,23350,23354,23354,1,1
2025-01-21 15:00:17.675,23350,23354,23350,1,-1
2025-01-21 15:00:17.676,23350,23354,23350,6,-6
2025-01-21 15:00:17.677,23350,23354,23350,4,-4
2025-01-21 15:00:17.813,23349,23351,23349,3,-3
2025-01-21 15:00:17.924,23348,23350,23348,3,-3
2025-01-21 15:00:19.807,23346,23348,23348,2,2
2025-01-21 15:00:20.390,23348,23349,23348,1,-1
2025-01-21 15:00:20.390,23348,23349,23347,2,-2
2025-01-21 15:00:20.390,23348,23349,23346,1,-1
2025-01-21 15:00:20.390,23348,23349,23345,1,-1
2025-01-21 15:00:20.595,23346,23348,23348,1,1
2025-01-21 15:00:21.561,23347,23349,23347,2,-2
2025-01-21 15:00:23.597,23345,23346,23346,1,1
2025-01-21 15:00:23.733,23345,23346,23345,1,-1
2025-01-21 15:00:23.734,23345,23346,23345,4,-4
2025-01-21 15:00:23.944,23344,23346,23346,1,1
2025-01-21 15:00:24.020,23344,23346,23344,1,-1
2025-01-21 15:00:24.133,23344,23346,23347,1,1
2025-01-21 15:00:25.876,23344,23345,23344,1,-1
2025-01-21 15:00:25.876,23344,23345,23343,2,-2
2025-01-21 15:00:25.876,23344,23345,23343,5,-5
2025-01-21 15:00:26.534,23343,23345,23345,1,1
2025-01-21 15:00:26.936,23343,23345,23343,1,-1
2025-01-21 15:00:28.093,23342,23344,23344,1,1
2025-01-21 15:00:28.386,23342,23344,23344,1,1
2025-01-21 15:00:28.404,23342,23344,23342,1,-1
2025-01-21 15:00:28.792,23342,23345,23345,2,2
2025-01-21 15:00:28.812,23342,23345,23345,1,1
2025-01-21 15:00:29.042,23344,23348,23344,1,-1
2025-01-21 15:00:29.089,23344,23348,23348,1,1
2025-01-21 15:00:29.098,23344,23348,23345,1,-1
2025-01-21 15:00:29.374,23344,23348,23344,1,-1
2025-01-21 15:00:30.167,23345,23348,23345,1,-1
2025-01-21 15:00:30.589,23344,23347,23347,1,1
2025-01-21 15:00:30.776,23345,23348,23345,1,-1
2025-01-21 15:00:31.781,23344,23345,23345,1,1
2025-01-21 15:00:32.212,23344,23345,23344,1,-1
2025-01-21 15:00:32.364,23344,23345,23344,1,-1
2025-01-21 15:00:32.397,23344,23345,23344,1,-1
2025-01-21 15:00:32.895,23344,23345,23345,1,1
2025-01-21 15:00:33.437,23344,23347,23347,2,2
2025-01-21 15:00:35.270,23344,23348,23344,1,-1
2025-01-21 15:00:40.485,23345,23346,23345,2,-2
2025-01-21 15:00:42.043,23345,23346,23345,2,-2
2025-01-21 15:00:42.170,23345,23346,23346,1,1
2025-01-21 15:00:43.197,23345,23346,23345,1,-1
2025-01-21 15:00:45.053,23345,23346,23345,1,-1
2025-01-21 15:00:45.054,23345,23346,23345,1,-1
2025-01-21 15:00:45.745,23344,23346,23344,1,-1
2025-01-21 15:00:46.752,23344,23345,23344,1,-1
2025-01-21 15:00:46.752,23344,23345,23344,1,-1
2025-01-21 15:00:46.753,23344,23345,23344,1,-1
2025-01-21 15:00:46.753,23344,23345,23344,1,-1
2025-01-21 15:00:47.224,23343,23345,23345,1,1
2025-01-21 15:00:47.402,23343,23345,23343,1,-1
2025-01-21 15:00:48.246,23343,23344,23343,1,-1
2025-01-21 15:00:50.162,23342,23344,23342,2,-2
2025-01-21 15:00:50.732,23342,23343,23342,1,-1
2025-01-21 15:00:51.323,23341,23343,23343,3,3
2025-01-21 15:00:51.397,23342,23344,23344,1,1
2025-01-21 15:00:52.597,23342,23344,23342,1,-1
2025-01-21 15:00:54.449,23342,23344,23342,1,-1
2025-01-21 15:00:54.568,23341,23344,23344,1,1
2025-01-21 15:00:54.934,23343,23344,23343,1,-1
2025-01-21 15:00:55.126,23343,23344,23343,1,-1
2025-01-21 15:00:55.245,23341,23342,23342,1,1
2025-01-21 15:00:56.269,23341,23343,23341,1,-1
2025-01-21 15:00:56.349,23341,23343,23341,1,-1
2025-01-21 15:00:58.250,23341,23342,23341,1,-1
2025-01-21 15:00:59.212,23340,23342,23342,1,1
2025-01-21 15:01:00.054,23340,23342,23340,2,-2
2025-01-21 15:01:00.060,23340,23342,23340,2,-2
2025-01-21 15:01:00.063,23340,23342,23340,2,-2
2025-01-21 15:01:00.064,23340,23342,23340,1,-1
2025-01-21 15:01:00.200,23340,23342,23340,2,-2
2025-01-21 15:01:00.201,23340,23342,23338,4,-4
2025-01-21 15:01:00.202,23340,23342,23337,2,-2
2025-01-21 15:01:00.202,23340,23342,23337,2,-2
2025-01-21 15:01:00.202,23340,23342,23337,4,-4
2025-01-21 15:01:00.202,23340,23342,23337,1,-1
2025-01-21 15:01:00.202,23340,23342,23336,1,-1
2025-01-21 15:01:00.437,23335,23337,23335,3,-3
2025-01-21 15:01:00.438,23335,23337,23335,1,-1
2025-01-21 15:01:00.439,23335,23337,23335,1,-1
2025-01-21 15:01:00.579,23334,23336,23334,1,-1
2025-01-21 15:01:00.619,23334,23336,23334,1,-1
2025-01-21 15:01:00.625,23334,23336,23333,2,-2
2025-01-21 15:01:00.625,23334,23336,23332,1,-1
2025-01-21 15:01:00.625,23334,23336,23331,1,-1
2025-01-21 15:01:00.636,23334,23336,23331,3,-3
2025-01-21 15:01:00.636,23334,23336,23330,1,-1
2025-01-21 15:01:00.737,23330,23333,23330,5,-5
2025-01-21 15:01:00.797,23330,23333,23330,3,-3
2025-01-21 15:01:01.809,23329,23331,23331,1,1
2025-01-21 15:01:02.267,23329,23332,23332,2,2
2025-01-21 15:01:02.316,23329,23332,23332,2,2
2025-01-21 15:01:02.317,23329,23332,23332,1,1
2025-01-21 15:01:02.317,23329,23332,23333,1,1
2025-01-21 15:01:02.321,23329,23332,23333,1,1
2025-01-21 15:01:02.324,23329,23332,23334,3,3
2025-01-21 15:01:02.328,23329,23332,23335,1,1
2025-01-21 15:01:02.328,23329,23332,23336,1,1
2025-01-21 15:01:02.543,23333,23336,23333,1,-1
2025-01-21 15:01:03.022,23332,23335,23335,4,4
2025-01-21 15:01:03.022,23332,23335,23336,1,1
2025-01-21 15:01:03.052,23332,23335,23333,1,-1
2025-01-21 15:01:03.171,23333,23336,23333,1,-1
2025-01-21 15:01:05.087,23331,23335,23331,1,-1
2025-01-21 15:01:05.242,23331,23333,23332,1,-1
2025-01-21 15:01:05.243,23331,23333,23333,1,1
2025-01-21 15:01:05.261,23331,23333,23333,1,1
2025-01-21 15:01:05.753,23332,23335,23332,1,-1
2025-01-21 15:01:07.524,23332,23334,23333,1,-1
2025-01-21 15:01:07.734,23332,23334,23332,1,-1
2025-01-21 15:01:07.816,23332,23334,23332,1,-1
2025-01-21 15:01:09.059,23332,23334,23334,1,1
2025-01-21 15:01:09.060,23332,23334,23334,1,1
2025-01-21 15:01:09.101,23333,23335,23334,1,1
2025-01-21 15:01:09.561,23334,23335,23334,3,-3
2025-01-21 15:01:10.090,23333,23335,23333,1,-1
2025-01-21 15:01:10.155,23333,23335,23333,1,-1
2025-01-21 15:01:11.655,23333,23335,23333,1,-1
2025-01-21 15:01:12.828,23333,23335,23335,2,2
2025-01-21 15:01:13.158,23335,23337,23334,2,-2
2025-01-21 15:01:13.158,23335,23337,23335,3,-3
2025-01-21 15:01:13.514,23334,23338,23334,2,-2
2025-01-21 15:01:13.680,23334,23338,23334,9,-9
2025-01-21 15:01:13.680,23334,23338,23333,5,-5
2025-01-21 15:01:14.155,23332,23335,23332,1,-1
2025-01-21 15:01:14.961,23334,23336,23334,1,-1
2025-01-21 15:01:15.281,23333,23336,23333,3,-3
2025-01-21 15:01:15.281,23333,23336,23332,4,-4
2025-01-21 15:01:15.896,23332,23333,23332,1,-1
2025-01-21 15:01:15.896,23332,23333,23332,2,-2
2025-01-21 15:01:16.117,23331,23332,23332,1,1
2025-01-21 15:01:16.151,23331,23332,23331,3,-3
2025-01-21 15:01:16.901,23331,23332,23331,4,-4
2025-01-21 15:01:16.901,23331,23332,23331,1,-1
2025-01-21 15:01:16.944,23331,23332,23332,1,1
2025-01-21 15:01:17.352,23330,23333,23330,1,-1
2025-01-21 15:01:17.569,23330,23333,23330,1,-1
2025-01-21 15:01:18.398,23330,23332,23330,2,-2
2025-01-21 15:01:19.004,23329,23331,23329,1,-1
2025-01-21 15:01:19.495,23330,23331,23330,1,-1
2025-01-21 15:01:19.495,23330,23331,23328,2,-2
2025-01-21 15:01:19.647,23328,23331,23328,1,-1
2025-01-21 15:01:20.059,23328,23331,23328,1,-1
2025-01-21 15:01:20.289,23328,23331,23328,1,-1
2025-01-21 15:01:20.865,23328,23331,23329,1,-1
2025-01-21 15:01:21.169,23327,23329,23328,1,-1
2025-01-21 15:01:21.549,23327,23329,23329,1,1
2025-01-21 15:01:21.767,23327,23329,23327,1,-1
2025-01-21 15:01:22.403,23327,23328,23328,2,2
2025-01-21 15:01:22.492,23327,23329,23329,2,2
2025-01-21 15:01:22.493,23327,23329,23330,1,1
2025-01-21 15:01:22.546,23327,23329,23329,1,1
2025-01-21 15:01:23.360,23328,23331,23328,1,-1
2025-01-21 15:01:23.513,23327,23329,23327,1,-1
2025-01-21 15:01:25.160,23328,23331,23328,1,-1
2025-01-21 15:01:25.163,23328,23331,23328,1,-1
2025-01-21 15:01:25.284,23327,23330,23327,1,-1
2025-01-21 15:01:25.610,23327,23330,23327,1,-1
2025-01-21 15:01:26.661,23326,23329,23326,1,-1
2025-01-21 15:01:27.060,23326,23329,23331,4,4
2025-01-21 15:01:27.060,23326,23329,23329,3,3
2025-01-21 15:01:27.060,23326,23329,23330,3,3
2025-01-21 15:01:28.162,23330,23332,23330,1,-1
2025-01-21 15:01:28.251,23329,23332,23329,1,-1
2025-01-21 15:01:29.662,23329,23331,23329,1,-1
2025-01-21 15:01:30.792,23328,23331,23328,1,-1
2025-01-21 15:01:30.822,23328,23331,23331,1,1
2025-01-21 15:01:31.919,23329,23332,23329,1,-1
2025-01-21 15:01:32.841,23329,23331,23329,1,-1
2025-01-21 15:01:33.428,23328,23330,23328,6,-6
2025-01-21 15:01:33.429,23328,23330,23327,2,-2
2025-01-21 15:01:33.843,23326,23328,23326,1,-1
2025-01-21 15:01:33.964,23326,23327,23326,1,-1
2025-01-21 15:01:34.040,23326,23327,23327,1,1
2025-01-21 15:01:35.464,23326,23327,23326,1,-1
2025-01-21 15:01:37.370,23327,23328,23328,1,1
2025-01-21 15:01:37.588,23327,23329,23327,1,-1
2025-01-21 15:01:38.273,23327,23329,23327,1,-1
2025-01-21 15:01:39.466,23327,23329,23327,1,-1
2025-01-21 15:01:40.176,23327,23329,23329,1,1
2025-01-21 15:01:44.249,23328,23330,23330,2,2
2025-01-21 15:01:44.249,23328,23330,23331,2,2
2025-01-21 15:01:44.249,23328,23330,23331,4,4
2025-01-21 15:01:44.249,23328,23330,23332,3,3
2025-01-21 15:01:44.251,23328,23330,23333,1,1
2025-01-21 15:01:44.472,23332,23335,23332,1,-1
2025-01-21 15:01:47.020,23331,23334,23332,1,-1
2025-01-21 15:01:47.628,23332,23334,23332,1,-1
2025-01-21 15:01:47.885,23332,23334,23334,2,2
2025-01-21 15:01:48.155,23333,23335,23335,2,2
2025-01-21 15:01:48.155,23333,23335,23336,1,1
2025-01-21 15:01:48.155,23333,23335,23337,3,3
2025-01-21 15:01:48.335,23337,23338,23338,2,2
2025-01-21 15:01:48.335,23337,23338,23339,2,2
2025-01-21 15:01:48.406,23339,23340,23339,3,-3
2025-01-21 15:01:48.406,23339,23340,23339,1,-1
2025-01-21 15:01:48.406,23339,23340,23339,1,-1
2025-01-21 15:01:48.406,23339,23340,23339,2,-2
2025-01-21 15:01:48.406,23339,23340,23339,1,-1
2025-01-21 15:01:48.407,23339,23340,23338,1,-1
2025-01-21 15:01:48.476,23337,23339,23337,2,-2
2025-01-21 15:01:48.477,23337,23339,23337,3,-3
2025-01-21 15:01:48.486,23337,23339,23338,1,-1
2025-01-21 15:01:48.507,23337,23339,23335,2,-2
2025-01-21 15:01:48.534,23337,23339,23338,4,-4
2025-01-21 15:01:48.534,23337,23339,23339,4,4
2025-01-21 15:01:48.534,23337,23339,23340,3,3
2025-01-21 15:01:48.615,23336,23340,23336,2,-2
2025-01-21 15:01:49.294,23338,23340,23340,1,1
2025-01-21 15:01:49.668,23338,23341,23338,3,-3
2025-01-21 15:01:49.979,23337,23340,23340,1,1
2025-01-21 15:01:50.134,23337,23340,23337,2,-2
2025-01-21 15:01:51.159,23338,23339,23339,1,1
2025-01-21 15:01:52.638,23338,23339,23339,1,1
2025-01-21 15:01:53.503,23338,23339,23339,1,1
2025-01-21 15:01:55.284,23337,23339,23339,1,1
2025-01-21 15:01:55.397,23337,23339,23337,1,-1
2025-01-21 15:02:00.838,23338,23340,23340,4,4
2025-01-21 15:02:00.839,23338,23340,23341,2,2
2025-01-21 15:02:01.570,23340,23344,23339,1,-1
2025-01-21 15:02:02.835,23340,23343,23340,1,-1
2025-01-21 15:02:05.960,23342,23345,23342,1,-1
2025-01-21 15:02:05.965,23342,23345,23341,1,-1
2025-01-21 15:02:06.164,23340,23344,23344,3,3
2025-01-21 15:02:06.164,23340,23344,23345,5,5
2025-01-21 15:02:06.165,23340,23344,23345,3,3
2025-01-21 15:02:06.357,23342,23345,23348,3,3
2025-01-21 15:02:06.357,23342,23345,23347,4,4
2025-01-21 15:02:06.357,23342,23345,23346,3,3
2025-01-21 15:02:06.357,23342,23345,23345,1,1
2025-01-21 15:02:06.572,23345,23348,23348,1,1
2025-01-21 15:02:06.572,23345,23348,23349,3,3
2025-01-21 15:02:06.572,23345,23348,23350,3,3
2025-01-21 15:02:06.573,23345,23348,23350,4,4
2025-01-21 15:02:07.541,23348,23351,23348,2,-2
2025-01-21 15:02:08.493,23347,23350,23349,1,1
2025-01-21 15:02:11.215,23345,23347,23345,2,-2
2025-01-21 15:02:12.136,23344,23345,23345,1,1
2025-01-21 15:02:12.747,23344,23345,23345,1,1
2025-01-21 15:02:12.856,23344,23348,23349,6,6
2025-01-21 15:02:12.856,23344,23348,23350,3,3
2025-01-21 15:02:12.856,23344,23348,23348,3,3
2025-01-21 15:02:16.019,23346,23348,23346,1,-1
2025-01-21 15:02:16.934,23346,23348,23346,1,-1
2025-01-21 15:02:18.342,23344,23347,23347,2,2
2025-01-21 15:02:18.446,23345,23348,23345,2,-2
2025-01-21 15:02:19.743,23346,23348,23346,2,-2
2025-01-21 15:02:19.853,23344,23347,23345,2,-2
2025-01-21 15:02:20.236,23345,23347,23345,1,-1
2025-01-21 15:02:22.317,23345,23347,23345,1,-1
2025-01-21 15:02:23.092,23345,23347,23347,1,1
2025-01-21 15:02:23.093,23345,23347,23348,1,1
2025-01-21 15:02:23.528,23347,23350,23347,1,-1
2025-01-21 15:02:24.583,23348,23350,23348,1,-1
2025-01-21 15:02:24.839,23348,23350,23348,1,-1
2025-01-21 15:02:25.185,23348,23350,23348,1,-1
2025-01-21 15:02:26.050,23348,23350,23348,1,-1
2025-01-21 15:02:26.451,23345,23348,23345,1,-1
2025-01-21 15:02:26.451,23345,23348,23345,2,-2
2025-01-21 15:02:27.260,23344,23346,23344,1,-1
2025-01-21 15:02:27.337,23344,23346,23345,1,-1
2025-01-21 15:02:28.534,23344,23345,23344,1,-1
2025-01-21 15:02:28.605,23343,23345,23345,1,1
2025-01-21 15:02:29.847,23343,23346,23343,1,-1
2025-01-21 15:02:31.137,23342,23345,23342,1,-1
2025-01-21 15:02:32.350,23342,23344,23342,1,-1
2025-01-21 15:02:32.743,23342,23344,23344,1,1
2025-01-21 15:02:33.560,23342,23345,23342,1,-1
2025-01-21 15:02:34.050,23342,23344,23342,1,-1
2025-01-21 15:02:35.088,23341,23342,23342,1,1
2025-01-21 15:02:35.164,23342,23345,23342,1,-1
2025-01-21 15:02:36.071,23341,23344,23342,1,-1
2025-01-21 15:02:36.377,23341,23343,23341,1,-1
2025-01-21 15:02:37.450,23340,23343,23342,3,3
2025-01-21 15:02:37.594,23342,23344,23342,1,-1
2025-01-21 15:02:38.079,23342,23344,23342,1,-1
2025-01-21 15:02:38.563,23342,23344,23342,5,-5
2025-01-21 15:02:39.889,23340,23343,23340,1,-1
2025-01-21 15:02:40.056,23340,23343,23343,1,1
2025-01-21 15:02:44.327,23340,23342,23342,1,1
2025-01-21 15:02:51.193,23340,23342,23340,4,-4
2025-01-21 15:02:51.194,23340,23342,23339,2,-2
2025-01-21 15:02:51.203,23340,23342,23338,1,-1
2025-01-21 15:02:51.716,23337,23339,23337,1,-1
2025-01-21 15:02:52.899,23337,23339,23338,1,-1
2025-01-21 15:03:00.048,23337,23339,23337,2,-2
2025-01-21 15:03:00.048,23337,23339,23337,1,-1
2025-01-21 15:03:00.048,23337,23339,23336,2,-2
2025-01-21 15:03:00.048,23337,23339,23335,2,-2
2025-01-21 15:03:00.050,23337,23339,23337,2,-2
2025-01-21 15:03:00.066,23337,23339,23336,3,-3
2025-01-21 15:03:00.066,23337,23339,23335,1,-1
2025-01-21 15:03:00.068,23337,23339,23335,3,-3
2025-01-21 15:03:00.068,23337,23339,23334,2,-2
2025-01-21 15:03:00.410,23335,23338,23338,4,4
2025-01-21 15:03:00.411,23335,23338,23339,1,1
2025-01-21 15:03:00.538,23338,23341,23338,3,-3
2025-01-21 15:03:00.538,23338,23341,23337,1,-1
2025-01-21 15:03:00.549,23338,23341,23337,2,-2
2025-01-21 15:03:00.550,23338,23341,23336,2,-2
2025-01-21 15:03:00.569,23338,23341,23335,2,-2
2025-01-21 15:03:00.601,23334,23337,23334,2,-2
2025-01-21 15:03:00.747,23335,23338,23337,1,1
2025-01-21 15:03:01.460,23336,23340,23336,1,-1
2025-01-21 15:03:03.926,23337,23339,23338,1,-1
2025-01-21 15:03:05.580,23337,23339,23339,1,1
2025-01-21 15:03:05.636,23338,23340,23340,1,1
2025-01-21 15:03:10.754,23338,23340,23340,1,1
2025-01-21 15:03:10.902,23340,23343,23341,1,-1
2025-01-21 15:03:14.049,23340,23343,23343,1,1
2025-01-21 15:03:14.110,23342,23344,23342,1,-1
2025-01-21 15:03:15.433,23342,23344,23342,1,-1
2025-01-21 15:03:16.664,23342,23344,23344,1,1
2025-01-21 15:03:16.665,23342,23344,23345,3,3
2025-01-21 15:03:16.734,23344,23346,23344,1,-1
2025-01-21 15:03:17.227,23343,23346,23343,1,-1
2025-01-21 15:03:18.391,23343,23346,23343,3,-3
2025-01-21 15:03:19.719,23344,23346,23346,2,2
2025-01-21 15:03:20.727,23344,23346,23344,1,-1
2025-01-21 15:03:23.174,23344,23346,23346,1,1
2025-01-21 15:03:23.186,23344,23346,23347,2,2
2025-01-21 15:03:23.433,23346,23348,23346,1,-1
2025-01-21 15:03:23.650,23346,23348,23346,1,-1
2025-01-21 15:03:24.833,23345,23346,23345,1,-1
2025-01-21 15:03:27.319,23344,23346,23344,1,-1
2025-01-21 15:03:30.511,23344,23346,23344,3,-3
2025-01-21 15:03:30.513,23344,23346,23344,2,-2
2025-01-21 15:03:30.513,23344,23346,23344,1,-1
2025-01-21 15:03:30.513,23344,23346,23344,2,-2
2025-01-21 15:03:30.513,23344,23346,23344,1,-1
2025-01-21 15:03:31.174,23343,23345,23343,1,-1
2025-01-21 15:03:32.178,23343,23345,23345,1,1
2025-01-21 15:03:32.179,23343,23345,23346,1,1
2025-01-21 15:03:32.179,23343,23345,23346,1,1
2025-01-21 15:03:32.835,23345,23348,23348,1,1
2025-01-21 15:03:32.901,23346,23348,23346,1,-1
2025-01-21 15:03:33.982,23346,23347,23347,1,1
2025-01-21 15:03:34.997,23346,23349,23349,1,1
2025-01-21 15:03:35.257,23346,23349,23346,1,-1
2025-01-21 15:03:36.257,23346,23349,23349,1,1
2025-01-21 15:03:40.268,23347,23349,23347,1,-1
2025-01-21 15:03:43.973,23348,23350,23350,1,1
2025-01-21 15:03:43.973,23349,23352,23350,1,-1
2025-01-21 15:03:43.973,23349,23352,23350,1,-1
2025-01-21 15:03:43.973,23349,23352,23350,2,-2
2025-01-21 15:03:44.375,23349,23352,23349,2,-2
2025-01-21 15:03:44.376,23349,23352,23349,1,-1
2025-01-21 15:03:46.676,23348,23351,23348,1,-1
2025-01-21 15:03:46.734,23347,23349,23347,2,-2
2025-01-21 15:03:54.216,23346,23349,23349,1,1
2025-01-21 15:03:56.854,23346,23349,23349,3,3
2025-01-21 15:04:03.193,23348,23350,23350,3,3
2025-01-21 15:04:04.041,23348,23351,23349,1,-1
2025-01-21 15:04:04.256,23348,23351,23348,1,-1
2025-01-21 15:04:04.812,23347,23349,23349,1,1
2025-01-21 15:04:06.129,23346,23348,23346,2,-2
2025-01-21 15:04:06.823,23345,23347,23345,3,-3
2025-01-21 15:04:17.902,23347,23350,23350,1,1
2025-01-21 15:04:20.154,23349,23351,23349,1,-1
2025-01-21 15:04:20.227,23347,23350,23350,1,1
2025-01-21 15:04:20.981,23347,23350,23347,1,-1
2025-01-21 15:04:21.703,23347,23350,23351,1,1
2025-01-21 15:04:21.703,23347,23350,23350,4,4
2025-01-21 15:04:21.770,23348,23351,23351,2,2
2025-01-21 15:04:22.054,23350,23352,23352,1,1
2025-01-21 15:04:22.054,23350,23352,23352,3,3
2025-01-21 15:04:28.227,23350,23352,23352,1,1
2025-01-21 15:04:28.666,23350,23352,23350,1,-1
2025-01-21 15:04:30.673,23350,23352,23350,1,-1
2025-01-21 15:04:33.908,23349,23351,23349,1,-1
2025-01-21 15:04:42.601,23345,23347,23347,1,1
2025-01-21 15:04:42.603,23345,23347,23348,1,1
2025-01-21 15:04:49.576,23349,23350,23349,1,-1
2025-01-21 15:04:49.577,23349,23350,23349,2,-2
2025-01-21 15:04:50.100,23348,23350,23350,1,1
2025-01-21 15:04:50.881,23348,23351,23348,1,-1
2025-01-21 15:04:53.505,23348,23351,23352,1,1
2025-01-21 15:04:57.742,23348,23351,23348,1,-1
2025-01-21 15:05:00.199,23348,23349,23348,1,-1
2025-01-21 15:05:00.261,23348,23349,23348,1,-1
2025-01-21 15:05:00.468,23347,23349,23349,1,1
2025-01-21 15:05:01.200,23349,23352,23352,2,2
2025-01-21 15:05:07.795,23349,23352,23351,1,1
2025-01-21 15:05:10.002,23349,23353,23353,1,1
2025-01-21 15:05:12.953,23351,23353,23353,8,8
2025-01-21 15:05:12.954,23351,23353,23354,1,1
2025-01-21 15:05:12.954,23351,23353,23354,1,1
2025-01-21 15:05:13.001,23353,23355,23355,1,1
2025-01-21 15:05:13.617,23353,23355,23353,1,-1
2025-01-21 15:05:14.829,23353,23355,23355,2,2
2025-01-21 15:05:21.420,23351,23353,23351,1,-1
2025-01-21 15:05:22.027,23350,23352,23350,1,-1
2025-01-21 15:05:22.102,23348,23351,23351,1,1
2025-01-21 15:05:22.102,23348,23351,23351,1,1
2025-01-21 15:05:22.102,23348,23351,23351,1,1
2025-01-21 15:05:22.103,23348,23351,23352,1,1
2025-01-21 15:05:22.103,23348,23351,23352,1,1
2025-01-21 15:05:22.103,23348,23351,23352,1,1
2025-01-21 15:05:22.104,23348,23351,23353,1,1
2025-01-21 15:05:22.539,23351,23353,23352,1,1
2025-01-21 15:05:22.652,23351,23353,23351,1,-1
2025-01-21 15:05:22.652,23351,23353,23351,1,-1
2025-01-21 15:05:24.551,23351,23354,23354,1,1
2025-01-21 15:05:25.955,23351,23354,23354,1,1
2025-01-21 15:05:31.645,23353,23354,23353,1,-1
2025-01-21 15:05:32.328,23351,23354,23351,7,-7
2025-01-21 15:05:32.352,23349,23351,23351,1,1
2025-01-21 15:05:32.353,23349,23351,23351,1,1
2025-01-21 15:05:32.354,23349,23351,23351,1,1
2025-01-21 15:05:32.359,23349,23351,23353,1,1
2025-01-21 15:05:32.594,23350,23353,23350,1,-1
2025-01-21 15:05:32.594,23350,23353,23350,1,-1
2025-01-21 15:05:34.223,23349,23352,23350,1,-1
2025-01-21 15:05:36.077,23349,23352,23349,2,-2
2025-01-21 15:05:43.067,23349,23352,23350,1,-1
2025-01-21 15:05:43.602,23349,23352,23349,1,-1
2025-01-21 15:05:43.602,23349,23352,23349,1,-1
2025-01-21 15:05:43.603,23349,23352,23349,1,-1
2025-01-21 15:05:45.238,23349,23350,23350,1,1
2025-01-21 15:05:47.633,23349,23350,23350,1,1
2025-01-21 15:05:50.402,23349,23351,23349,1,-1
2025-01-21 15:05:51.776,23349,23351,23349,1,-1
2025-01-21 15:05:54.046,23348,23350,23350,3,3
2025-01-21 15:05:54.397,23350,23351,23350,2,-2
2025-01-21 15:05:54.933,23349,23351,23349,1,-1
2025-01-21 15:05:55.564,23348,23351,23348,1,-1
2025-01-21 15:06:02.544,23352,23354,23352,1,-1
2025-01-21 15:06:03.931,23352,23353,23353,1,1
2025-01-21 15:06:05.304,23353,23354,23354,1,1
2025-01-21 15:06:06.746,23353,23354,23354,1,1
2025-01-21 15:06:06.890,23354,23355,23355,4,4
2025-01-21 15:06:07.545,23354,23356,23354,1,-1
2025-01-21 15:06:11.470,23350,23352,23353,1,1
2025-01-21 15:06:21.382,23352,23354,23352,1,-1
2025-01-21 15:06:28.127,23353,23354,23353,5,-5
2025-01-21 15:06:36.774,23352,23353,23353,1,1
2025-01-21 15:06:40.211,23352,23353,23352,1,-1
2025-01-21 15:06:44.158,23351,23352,23352,1,1
2025-01-21 15:06:53.914,23351,23353,23353,1,1
2025-01-21 15:07:01.057,23352,23353,23352,1,-1
2025-01-21 15:07:01.336,23352,23353,23353,1,1
2025-01-21 15:07:02.272,23351,23354,23353,1,1
2025-01-21 15:07:02.779,23351,23353,23352,1,1
2025-01-21 15:07:10.240,23351,23353,23351,2,-2
2025-01-21 15:07:10.240,23351,23353,23350,1,-1
2025-01-21 15:07:10.240,23351,23353,23351,2,-2
2025-01-21 15:07:10.241,23351,23353,23350,2,-2
2025-01-21 15:07:10.241,23351,23353,23350,5,-5
2025-01-21 15:07:10.644,23349,23351,23351,1,1
2025-01-21 15:07:14.313,23349,23351,23349,1,-1
2025-01-21 15:07:16.935,23348,23349,23348,4,-4
2025-01-21 15:07:16.979,23347,23348,23347,6,-6
2025-01-21 15:07:16.980,23347,23348,23347,1,-1
2025-01-21 15:07:17.957,23345,23346,23345,1,-1
2025-01-21 15:07:18.013,23345,23346,23346,1,1
2025-01-21 15:07:20.195,23346,23348,23346,1,-1
2025-01-21 15:07:21.135,23345,23347,23345,1,-1
2025-01-21 15:07:25.809,23345,23346,23346,1,1
2025-01-21 15:07:31.208,23345,23346,23345,1,-1
2025-01-21 15:07:31.438,23345,23346,23346,1,1
2025-01-21 15:07:34.155,23345,23347,23347,2,2
2025-01-21 15:07:37.044,23348,23349,23349,1,1
2025-01-21 15:07:38.185,23349,23350,23349,1,-1
2025-01-21 15:07:40.192,23349,23350,23349,1,-1
2025-01-21 15:07:48.623,23349,23350,23350,1,1
2025-01-21 15:07:55.207,23349,23350,23349,1,-1
2025-01-21 15:07:59.007,23348,23350,23350,1,1
2025-01-21 15:08:00.041,23351,23353,23353,1,1
2025-01-21 15:08:04.825,23352,23353,23352,1,-1
2025-01-21 15:08:06.310,23348,23351,23351,3,3
2025-01-21 15:08:11.598,23349,23350,23350,1,1
2025-01-21 15:08:13.859,23350,23352,23350,1,-1
2025-01-21 15:08:14.682,23350,23351,23350,1,-1
2025-01-21 15:08:21.009,23347,23349,23348,1,-1
2025-01-21 15:08:21.057,23347,23349,23349,1,1
2025-01-21 15:08:27.106,23349,23351,23351,1,1
2025-01-21 15:08:40.194,23350,23351,23350,1,-1
2025-01-21 15:08:44.129,23349,23350,23350,1,1
2025-01-21 15:08:50.228,23350,23351,23351,1,1
2025-01-21 15:08:52.878,23351,23352,23352,1,1
2025-01-21 15:08:52.879,23351,23352,23353,1,1
2025-01-21 15:08:52.879,23351,23352,23353,1,1
2025-01-21 15:08:55.953,23352,23353,23352,2,-2
2025-01-21 15:09:01.168,23351,23353,23351,2,-2
2025-01-21 15:09:06.000,23352,23353,23353,1,1
2025-01-21 15:09:06.001,23352,23353,23354,2,2
2025-01-21 15:09:06.003,23352,23353,23355,6,6
2025-01-21 15:09:10.637,23354,23356,23354,1,-1
2025-01-21 15:09:14.516,23351,23354,23354,1,1
2025-01-21 15:09:20.374,23351,23354,23354,4,4
2025-01-21 15:09:24.741,23354,23356,23356,1,1
2025-01-21 15:09:26.444,23354,23356,23356,1,1
2025-01-21 15:09:28.895,23354,23355,23354,1,-1
2025-01-21 15:09:37.247,23354,23355,23355,1,1
2025-01-21 15:09:37.248,23354,23355,23355,1,1
2025-01-21 15:09:42.461,23355,23357,23355,1,-1
2025-01-21 15:09:44.152,23355,23357,23355,1,-1
2025-01-21 15:09:46.179,23356,23357,23356,1,-1
2025-01-21 15:09:46.179,23356,23357,23355,2,-2
2025-01-21 15:09:46.179,23356,23357,23354,2,-2
2025-01-21 15:09:55.167,23354,23355,23354,1,-1
2025-01-21 15:09:55.406,23353,23355,23353,1,-1
2025-01-21 15:09:55.861,23351,23354,23354,4,4
2025-01-21 15:09:55.862,23351,23354,23354,4,4
2025-01-21 15:09:59.452,23354,23355,23354,1,-1
2025-01-21 15:10:01.542,23354,23355,23354,1,-1
2025-01-21 15:10:01.542,23354,23355,23353,1,-1
2025-01-21 15:10:07.863,23351,23352,23351,1,-1
2025-01-21 15:10:07.865,23351,23352,23350,2,-2
2025-01-21 15:10:07.918,23351,23352,23349,3,-3
2025-01-21 15:10:09.927,23347,23349,23349,1,1
2025-01-21 15:10:11.418,23348,23349,23349,2,2
2025-01-21 15:10:11.418,23348,23349,23349,2,2
2025-01-21 15:10:11.418,23348,23349,23349,2,2
2025-01-21 15:10:23.740,23351,23354,23351,1,-1
2025-01-21 15:10:28.381,23353,23356,23353,2,-2
2025-01-21 15:10:28.640,23353,23355,23353,1,-1
2025-01-21 15:10:45.482,23354,23355,23355,1,1
2025-01-21 15:10:46.570,23354,23355,23355,1,1
2025-01-21 15:10:51.415,23353,23354,23354,1,1
2025-01-21 15:10:53.832,23354,23355,23354,1,-1
2025-01-21 15:10:54.409,23353,23355,23355,1,1
2025-01-21 15:10:55.191,23355,23356,23355,1,-1
2025-01-21 15:10:57.027,23354,23355,23354,1,-1
2025-01-21 15:10:58.384,23352,23355,23355,2,2
2025-01-21 15:10:58.417,23352,23355,23355,2,2
2025-01-21 15:11:00.967,23353,23355,23355,1,1
2025-01-21 15:11:00.967,23353,23355,23356,2,2
2025-01-21 15:11:00.981,23356,23357,23357,3,3
2025-01-21 15:11:01.108,23357,23359,23357,1,-1
2025-01-21 15:11:01.227,23356,23359,23359,1,1
2025-01-21 15:11:01.227,23356,23359,23359,1,1
2025-01-21 15:11:05.491,23355,23358,23358,1,1
2025-01-21 15:11:10.638,23356,23358,23358,1,1
2025-01-21 15:11:16.614,23357,23358,23358,1,1
2025-01-21 15:11:16.615,23357,23358,23358,1,1
2025-01-21 15:11:16.662,23357,23358,23359,1,1
2025-01-21 15:11:16.727,23359,23360,23360,1,1
2025-01-21 15:11:16.768,23359,23360,23360,1,1
2025-01-21 15:11:16.768,23359,23360,23360,1,1
2025-01-21 15:11:16.768,23359,23360,23360,1,1
2025-01-21 15:11:16.769,23359,23360,23360,6,6
2025-01-21 15:11:16.769,23359,23360,23360,1,1
2025-01-21 15:11:17.194,23359,23361,23361,1,1
2025-01-21 15:11:19.891,23358,23360,23358,1,-1
2025-01-21 15:11:19.977,23357,23359,23359,1,1
2025-01-21 15:11:19.977,23357,23359,23359,1,1
2025-01-21 15:11:20.243,23357,23360,23360,1,1
2025-01-21 15:11:20.941,23358,23360,23360,1,1
2025-01-21 15:11:25.843,23359,23360,23360,1,1
2025-01-21 15:11:26.201,23360,23361,23361,1,1
2025-01-21 15:11:26.884,23361,23362,23362,1,1
2025-01-21 15:11:27.030,23361,23363,23361,1,-1
2025-01-21 15:11:28.553,23362,23363,23363,1,1
2025-01-21 15:11:30.409,23361,23364,23365,9,9
2025-01-21 15:11:30.409,23361,23364,23364,5,5
2025-01-21 15:11:30.490,23364,23366,23366,1,1
2025-01-21 15:11:30.517,23364,23366,23366,3,3
2025-01-21 15:11:30.549,23364,23366,23364,1,-1
2025-01-21 15:11:30.625,23363,23366,23366,1,1
2025-01-21 15:11:31.093,23364,23366,23364,1,-1
2025-01-21 15:11:32.540,23362,23365,23365,1,1
2025-01-21 15:11:35.294,23364,23365,23365,1,1
2025-01-21 15:11:39.134,23363,23364,23363,1,-1
2025-01-21 15:11:39.228,23363,23364,23364,1,1
2025-01-21 15:11:39.713,23363,23365,23365,1,1
2025-01-21 15:11:40.781,23363,23365,23366,1,1
2025-01-21 15:11:40.781,23363,23365,23365,4,4
2025-01-21 15:11:42.775,23363,23364,23364,1,1
2025-01-21 15:11:43.925,23363,23364,23364,1,1
2025-01-21 15:11:45.175,23363,23365,23365,1,1
2025-01-21 15:11:47.252,23363,23364,23364,2,2
2025-01-21 15:11:48.619,23363,23365,23365,1,1
2025-01-21 15:11:48.619,23363,23365,23366,6,6
2025-01-21 15:11:48.619,23363,23365,23367,13,13
2025-01-21 15:11:48.619,23363,23365,23368,7,7
2025-01-21 15:11:48.734,23366,23369,23369,2,2
2025-01-21 15:11:49.300,23367,23369,23367,1,-1
2025-01-21 15:11:54.440,23366,23368,23368,2,2
2025-01-21 15:11:54.440,23366,23368,23369,1,1
2025-01-21 15:11:55.401,23367,23369,23369,5,5
2025-01-21 15:11:55.605,23368,23369,23369,5,5
2025-01-21 15:11:55.606,23368,23369,23369,1,1
2025-01-21 15:11:55.606,23368,23369,23369,2,2
2025-01-21 15:11:55.606,23368,23369,23369,1,1
2025-01-21 15:11:55.606,23368,23369,23369,1,1
2025-01-21 15:11:55.606,23368,23369,23369,1,1
2025-01-21 15:11:55.606,23368,23369,23369,1,1
2025-01-21 15:11:55.606,23368,23369,23369,1,1
2025-01-21 15:11:55.607,23368,23369,23369,3,3
2025-01-21 15:11:55.607,23368,23369,23369,6,6
2025-01-21 15:11:56.327,23369,23370,23370,2,2
2025-01-21 15:11:57.630,23369,23370,23370,1,1
2025-01-21 15:11:59.089,23369,23370,23370,1,1
2025-01-21 15:11:59.417,23369,23370,23370,1,1
2025-01-21 15:12:00.197,23369,23370,23369,1,-1
2025-01-21 15:12:01.179,23369,23370,23371,1,1
2025-01-21 15:12:01.494,23369,23371,23371,2,2
2025-01-21 15:12:02.021,23370,23371,23370,1,-1
2025-01-21 15:12:02.435,23369,23371,23371,2,2
2025-01-21 15:12:02.684,23370,23372,23372,3,3
2025-01-21 15:12:02.684,23370,23372,23373,1,1
2025-01-21 15:12:03.486,23372,23373,23372,1,-1
2025-01-21 15:12:05.317,23371,23373,23373,2,2
2025-01-21 15:12:05.317,23371,23373,23374,3,3
2025-01-21 15:12:05.317,23371,23373,23375,1,1
2025-01-21 15:12:07.277,23372,23375,23375,2,2
2025-01-21 15:12:07.924,23373,23375,23373,2,-2
2025-01-21 15:12:09.011,23372,23375,23371,2,-2
2025-01-21 15:12:09.011,23372,23375,23372,3,-3
2025-01-21 15:12:12.974,23372,23374,23372,1,-1
2025-01-21 15:12:13.509,23370,23372,23372,1,1
2025-01-21 15:12:13.509,23370,23372,23373,1,1
2025-01-21 15:12:14.261,23371,23373,23373,2,2
2025-01-21 15:12:14.261,23371,23373,23374,1,1
2025-01-21 15:12:15.077,23372,23374,23374,1,1
2025-01-21 15:12:16.703,23372,23374,23372,1,-1
2025-01-21 15:12:16.703,23372,23374,23371,8,-8
2025-01-21 15:12:16.703,23372,23374,23370,3,-3
2025-01-21 15:12:16.722,23372,23374,23371,1,-1
2025-01-21 15:12:20.023,23371,23373,23371,1,-1
2025-01-21 15:12:20.257,23371,23373,23371,1,-1
2025-01-21 15:12:20.805,23372,23373,23372,1,-1
2025-01-21 15:12:20.906,23371,23373,23373,1,1
2025-01-21 15:12:29.799,23373,23375,23373,1,-1
2025-01-21 15:12:31.959,23373,23375,23375,3,3
2025-01-21 15:12:32.889,23374,23376,23376,1,1
2025-01-21 15:12:32.889,23374,23376,23377,1,1
2025-01-21 15:12:33.000,23375,23378,23378,2,2
2025-01-21 15:12:33.013,23375,23378,23378,3,3
2025-01-21 15:12:35.145,23374,23377,23377,1,1
2025-01-21 15:12:40.175,23378,23379,23378,1,-1
2025-01-21 15:12:40.235,23378,23379,23378,1,-1
2025-01-21 15:12:42.590,23377,23379,23379,2,2
2025-01-21 15:12:43.176,23378,23379,23379,1,1
2025-01-21 15:12:43.546,23378,23379,23379,1,1
2025-01-21 15:12:43.548,23378,23379,23380,8,8
2025-01-21 15:12:43.549,23378,23379,23380,1,1
2025-01-21 15:12:43.549,23378,23379,23380,1,1
2025-01-21 15:12:43.549,23378,23379,23380,1,1
2025-01-21 15:12:43.549,23378,23379,23380,1,1
2025-01-21 15:12:43.549,23378,23379,23380,4,4
2025-01-21 15:12:43.550,23378,23379,23381,1,1
2025-01-21 15:12:43.550,23378,23379,23381,5,5
2025-01-21 15:12:43.928,23381,23382,23381,1,-1
2025-01-21 15:12:44.569,23380,23381,23380,1,-1
2025-01-21 15:12:44.569,23380,23381,23379,2,-2
2025-01-21 15:12:44.569,23380,23381,23378,9,-9
2025-01-21 15:12:44.887,23378,23379,23378,1,-1
2025-01-21 15:12:45.822,23377,23380,23380,1,1
2025-01-21 15:12:45.955,23377,23380,23380,2,2
2025-01-21 15:12:48.621,23378,23381,23381,1,1
2025-01-21 15:12:48.714,23378,23381,23381,1,1
2025-01-21 15:12:51.561,23378,23379,23378,2,-2
2025-01-21 15:12:52.169,23377,23379,23377,3,-3
2025-01-21 15:12:52.170,23377,23379,23377,1,-1
2025-01-21 15:12:52.170,23377,23379,23377,2,-2
2025-01-21 15:12:53.683,23376,23377,23377,2,2
2025-01-21 15:12:58.281,23376,23377,23377,1,1
2025-01-21 15:12:58.281,23376,23377,23379,5,5
2025-01-21 15:13:04.642,23378,23379,23379,2,2
2025-01-21 15:13:05.129,23379,23380,23379,1,-1
2025-01-21 15:13:05.622,23379,23380,23380,6,6
2025-01-21 15:13:06.529,23380,23381,23380,1,-1
2025-01-21 15:13:11.146,23379,23380,23380,1,1
2025-01-21 15:13:11.315,23379,23380,23380,1,1
2025-01-21 15:13:11.484,23379,23380,23380,2,2
2025-01-21 15:13:11.657,23379,23380,23380,1,1
2025-01-21 15:13:12.201,23379,23381,23379,1,-1
2025-01-21 15:13:18.031,23380,23381,23380,1,-1
2025-01-21 15:13:22.596,23376,23379,23379,1,1
2025-01-21 15:13:22.944,23376,23379,23379,2,2
2025-01-21 15:13:27.380,23377,23379,23377,1,-1
2025-01-21 15:13:27.674,23376,23377,23377,1,1
2025-01-21 15:13:31.565,23376,23378,23378,1,1
2025-01-21 15:13:33.892,23376,23377,23377,1,1
2025-01-21 15:13:33.892,23376,23377,23377,1,1
2025-01-21 15:13:38.788,23376,23378,23376,2,-2
2025-01-21 15:13:38.790,23376,23378,23375,1,-1
2025-01-21 15:13:38.790,23376,23378,23375,5,-5
2025-01-21 15:13:38.790,23376,23378,23375,2,-2
2025-01-21 15:13:40.056,23374,23375,23374,3,-3
2025-01-21 15:13:40.068,23374,23375,23373,2,-2
2025-01-21 15:13:40.118,23372,23375,23375,1,1
2025-01-21 15:13:42.925,23372,23374,23374,1,1
2025-01-21 15:13:44.043,23372,23374,23372,1,-1
2025-01-21 15:13:49.812,23372,23374,23372,2,-2
2025-01-21 15:13:53.580,23372,23374,23374,1,1
2025-01-21 15:13:53.581,23372,23374,23374,2,2
2025-01-21 15:13:54.397,23374,23376,23376,1,1
2025-01-21 15:13:59.947,23374,23376,23374,1,-1
2025-01-21 15:14:01.935,23370,23372,23372,1,1
2025-01-21 15:14:04.751,23371,23373,23371,3,-3
2025-01-21 15:14:06.170,23370,23372,23370,2,-2
2025-01-21 15:14:06.171,23370,23372,23370,3,-3
2025-01-21 15:14:10.601,23367,23370,23370,1,1
2025-01-21 15:14:10.800,23368,23371,23368,2,-2
2025-01-21 15:14:10.871,23367,23370,23367,1,-1
2025-01-21 15:14:16.783,23368,23370,23369,1,-1
2025-01-21 15:14:19.737,23369,23371,23369,1,-1
2025-01-21 15:14:24.079,23369,23371,23369,4,-4
2025-01-21 15:14:24.080,23369,23371,23368,2,-2
2025-01-21 15:14:24.977,23367,23368,23368,1,1
2025-01-21 15:14:25.111,23368,23369,23368,1,-1
2025-01-21 15:14:27.680,23369,23371,23371,1,1
2025-01-21 15:14:28.238,23371,23373,23371,1,-1
2025-01-21 15:14:34.875,23369,23370,23370,2,2
2025-01-21 15:14:36.146,23369,23371,23371,1,1
2025-01-21 15:14:41.166,23369,23371,23369,1,-1
2025-01-21 15:14:44.575,23369,23370,23369,1,-1
2025-01-21 15:14:59.072,23370,23371,23371,2,2
2025-01-21 15:14:59.358,23370,23373,23370,1,-1
2025-01-21 15:15:07.092,23369,23372,23369,3,-3
2025-01-21 15:15:11.519,23368,23369,23369,1,1
2025-01-21 15:15:14.406,23369,23370,23370,1,1
2025-01-21 15:15:20.442,23368,23370,23369,1,1
2025-01-21 15:15:23.237,23369,23370,23370,1,1
2025-01-21 15:15:35.841,23371,23372,23371,1,-1
2025-01-21 15:15:40.510,23371,23372,23372,1,1
2025-01-21 15:15:40.571,23371,23372,23372,1,1
2025-01-21 15:15:40.603,23371,23373,23373,1,1
2025-01-21 15:15:40.603,23371,23373,23374,1,1
2025-01-21 15:15:42.739,23372,23375,23375,1,1
2025-01-21 15:15:44.630,23371,23374,23374,1,1
2025-01-21 15:15:53.107,23371,23374,23374,1,1
2025-01-21 15:16:05.697,23374,23375,23374,1,-1
2025-01-21 15:16:05.698,23374,23375,23373,1,-1
2025-01-21 15:16:24.349,23373,23374,23374,1,1
2025-01-21 15:16:27.533,23373,23374,23374,2,2
2025-01-21 15:16:29.322,23373,23375,23373,1,-1
2025-01-21 15:16:47.206,23372,23374,23372,2,-2
2025-01-21 15:16:48.015,23371,23372,23371,1,-1
2025-01-21 15:16:48.015,23371,23372,23371,2,-2
2025-01-21 15:16:53.788,23370,23372,23370,2,-2
2025-01-21 15:16:56.315,23369,23371,23371,2,2
2025-01-21 15:16:56.316,23369,23371,23372,1,1
2025-01-21 15:17:08.149,23369,23371,23369,5,-5
2025-01-21 15:17:08.151,23369,23371,23368,2,-2
2025-01-21 15:17:12.813,23367,23369,23369,2,2
2025-01-21 15:17:12.867,23369,23370,23369,1,-1
2025-01-21 15:17:13.074,23369,23370,23369,1,-1
2025-01-21 15:17:34.459,23368,23369,23369,1,1
2025-01-21 15:17:47.288,23369,23370,23370,3,3
2025-01-21 15:17:47.997,23370,23371,23370,1,-1
2025-01-21 15:17:54.229,23370,23371,23369,2,-2
2025-01-21 15:17:54.229,23370,23371,23370,2,-2
2025-01-21 15:17:54.951,23368,23369,23368,1,-1
2025-01-21 15:17:56.585,23367,23369,23369,1,1
2025-01-21 15:18:06.978,23369,23370,23369,1,-1
2025-01-21 15:18:06.978,23369,23370,23369,1,-1
2025-01-21 15:18:07.120,23368,23369,23368,1,-1
2025-01-21 15:18:07.165,23368,23369,23367,2,-2
2025-01-21 15:18:07.205,23368,23369,23366,1,-1
2025-01-21 15:18:08.700,23365,23366,23366,1,1
2025-01-21 15:18:14.804,23365,23366,23366,1,1
2025-01-21 15:18:14.806,23365,23366,23367,1,1
2025-01-21 15:18:15.269,23366,23369,23366,1,-1
2025-01-21 15:18:31.313,23366,23368,23366,1,-1
2025-01-21 15:18:51.949,23367,23369,23367,1,-1
2025-01-21 15:18:54.787,23365,23366,23365,1,-1
2025-01-21 15:19:04.505,23363,23365,23363,1,-1
2025-01-21 15:19:12.605,23362,23364,23362,1,-1
2025-01-21 15:19:14.603,23361,23364,23364,1,1
2025-01-21 15:19:15.146,23362,23365,23362,1,-1
2025-01-21 15:19:21.874,23362,23364,23362,1,-1
2025-01-21 15:19:26.365,23361,23362,23361,1,-1
2025-01-21 15:19:30.517,23361,23362,23362,1,1
2025-01-21 15:19:30.517,23361,23362,23362,1,1
2025-01-21 15:19:30.811,23362,23364,23363,1,1
2025-01-21 15:19:35.045,23361,23362,23362,1,1
2025-01-21 15:19:35.045,23361,23362,23362,1,1
2025-01-21 15:19:41.360,23362,23364,23362,1,-1
2025-01-21 15:19:42.129,23362,23363,23362,1,-1
2025-01-21 15:19:48.049,23361,23362,23361,1,-1
2025-01-21 15:19:48.049,23361,23362,23361,2,-2
2025-01-21 15:19:48.050,23361,23362,23360,2,-2
2025-01-21 15:20:02.493,23360,23362,23360,1,-1
2025-01-21 15:20:02.917,23359,23362,23362,4,4
2025-01-21 15:20:02.917,23359,23362,23363,1,1
2025-01-21 15:20:09.365,23361,23363,23361,1,-1
2025-01-21 15:20:13.944,23360,23363,23360,2,-2
2025-01-21 15:20:16.032,23360,23363,23363,3,3
2025-01-21 15:20:16.032,23360,23363,23364,2,2
2025-01-21 15:20:16.694,23362,23364,23362,1,-1
2025-01-21 15:20:20.102,23362,23363,23362,1,-1
2025-01-21 15:20:20.173,23362,23363,23363,3,3
2025-01-21 15:20:41.502,23361,23362,23362,1,1
2025-01-21 15:20:53.767,23361,23362,23361,1,-1
2025-01-21 15:20:57.923,23360,23361,23360,1,-1
2025-01-21 15:21:04.615,23359,23361,23361,1,1
2025-01-21 15:21:04.627,23359,23361,23362,1,1
2025-01-21 15:21:20.992,23360,23363,23360,1,-1
2025-01-21 15:21:32.186,23359,23361,23361,1,1
2025-01-21 15:21:35.675,23360,23362,23360,1,-1
2025-01-21 15:21:45.945,23359,23361,23359,1,-1
2025-01-21 15:21:51.946,23359,23361,23361,1,1
2025-01-21 15:22:02.090,23359,23361,23359,1,-1
2025-01-21 15:22:02.213,23358,23360,23358,1,-1
2025-01-21 15:22:02.534,23358,23360,23358,1,-1
2025-01-21 15:22:03.692,23357,23358,23358,1,1
2025-01-21 15:22:13.103,23357,23359,23357,1,-1
2025-01-21 15:22:13.104,23357,23359,23357,3,-3
2025-01-21 15:22:18.934,23356,23357,23356,2,-2
2025-01-21 15:22:18.934,23356,23357,23356,2,-2
2025-01-21 15:22:18.934,23356,23357,23356,1,-1
2025-01-21 15:22:19.012,23355,23356,23355,2,-2
2025-01-21 15:22:19.111,23355,23356,23355,1,-1
2025-01-21 15:22:23.708,23356,23357,23356,1,-1
2025-01-21 15:22:29.866,23354,23356,23354,1,-1
2025-01-21 15:22:30.029,23354,23356,23354,1,-1
2025-01-21 15:22:31.542,23354,23355,23354,2,-2
2025-01-21 15:22:34.431,23352,23354,23352,1,-1
2025-01-21 15:22:34.493,23352,23354,23352,1,-1
2025-01-21 15:22:39.005,23351,23352,23351,2,-2
2025-01-21 15:22:39.660,23351,23352,23352,1,1
2025-01-21 15:22:39.867,23351,23354,23351,1,-1
2025-01-21 15:22:41.561,23352,23355,23355,3,3
2025-01-21 15:22:42.601,23353,23356,23353,1,-1
2025-01-21 15:22:42.757,23353,23356,23353,1,-1
2025-01-21 15:22:45.328,23353,23356,23356,4,4
2025-01-21 15:22:45.328,23353,23356,23357,5,5
2025-01-21 15:22:45.328,23353,23356,23358,3,3
2025-01-21 15:22:50.790,23355,23358,23358,1,1
2025-01-21 15:22:54.338,23356,23359,23359,4,4
2025-01-21 15:22:54.338,23356,23359,23360,6,6
2025-01-21 15:22:55.637,23358,23361,23358,1,-1
2025-01-21 15:22:57.501,23358,23359,23359,1,1
2025-01-21 15:23:01.679,23358,23360,23358,1,-1
2025-01-21 15:23:06.649,23359,23361,23359,2,-2
2025-01-21 15:23:21.954,23359,23361,23359,1,-1
2025-01-21 15:23:31.439,23360,23361,23361,1,1
2025-01-21 15:23:37.213,23361,23362,23362,1,1
2025-01-21 15:23:38.026,23362,23363,23362,1,-1
2025-01-21 15:23:40.194,23362,23363,23362,1,-1
2025-01-21 15:23:42.449,23362,23363,23363,1,1
2025-01-21 15:23:42.450,23362,23363,23363,2,2
2025-01-21 15:23:44.527,23362,23364,23364,2,2
2025-01-21 15:23:44.528,23362,23364,23365,1,1
2025-01-21 15:23:46.498,23364,23366,23366,4,4
2025-01-21 15:23:51.058,23367,23368,23368,1,1
2025-01-21 15:23:53.876,23367,23368,23368,1,1
2025-01-21 15:23:54.786,23367,23369,23369,1,1
2025-01-21 15:23:55.766,23367,23369,23367,1,-1
2025-01-21 15:23:55.766,23367,23369,23367,3,-3
2025-01-21 15:24:03.923,23364,23365,23365,1,1
2025-01-21 15:24:04.875,23365,23366,23366,1,1
2025-01-21 15:24:04.881,23365,23366,23366,1,1
2025-01-21 15:24:12.857,23366,23367,23366,1,-1
2025-01-21 15:24:12.858,23366,23367,23366,1,-1
2025-01-21 15:24:26.608,23365,23367,23367,1,1
2025-01-21 15:24:35.386,23365,23368,23367,1,1
2025-01-21 15:24:47.376,23365,23366,23366,1,1
2025-01-21 15:25:14.154,23366,23368,23366,1,-1
2025-01-21 15:25:16.238,23365,23367,23368,2,2
2025-01-21 15:25:16.238,23365,23367,23369,7,7
2025-01-21 15:25:16.239,23365,23367,23370,2,2
2025-01-21 15:25:16.239,23365,23367,23370,3,3
2025-01-21 15:25:16.239,23365,23367,23369,4,4
2025-01-21 15:25:20.439,23370,23372,23370,1,-1
2025-01-21 15:25:23.133,23370,23372,23372,1,1
2025-01-21 15:25:23.133,23370,23372,23373,1,1
2025-01-21 15:25:24.731,23370,23372,23372,1,1
2025-01-21 15:25:25.463,23370,23372,23372,1,1
2025-01-21 15:25:25.463,23370,23372,23373,1,1
2025-01-21 15:25:30.377,23372,23373,23373,1,1
2025-01-21 15:25:31.537,23373,23374,23373,2,-2
2025-01-21 15:25:36.463,23372,23374,23372,1,-1
2025-01-21 15:25:40.378,23371,23373,23372,1,-1
2025-01-21 15:25:46.798,23372,23373,23373,1,1
2025-01-21 15:25:46.798,23372,23373,23373,1,1
2025-01-21 15:25:46.863,23373,23374,23374,2,2
2025-01-21 15:25:46.863,23373,23374,23374,2,2
2025-01-21 15:25:50.283,23373,23375,23374,1,1
2025-01-21 15:25:50.572,23371,23374,23374,2,2
2025-01-21 15:25:56.111,23371,23374,23374,2,2
2025-01-21 15:26:06.994,23373,23374,23373,2,-2
2025-01-21 15:26:07.512,23373,23374,23374,1,1
2025-01-21 15:26:07.688,23373,23375,23375,1,1
2025-01-21 15:26:07.760,23373,23375,23375,1,1
2025-01-21 15:26:07.876,23373,23375,23375,1,1
2025-01-21 15:26:08.065,23373,23375,23375,1,1
2025-01-21 15:26:08.229,23373,23374,23374,1,1
2025-01-21 15:26:08.411,23373,23375,23375,1,1
2025-01-21 15:26:08.556,23373,23376,23376,1,1
2025-01-21 15:26:08.729,23373,23376,23376,1,1
2025-01-21 15:26:08.903,23373,23376,23376,1,1
2025-01-21 15:26:09.050,23373,23377,23377,1,1
2025-01-21 15:26:09.176,23374,23377,23377,1,1
2025-01-21 15:26:09.371,23374,23377,23377,1,1
2025-01-21 15:26:09.548,23375,23377,23377,1,1
2025-01-21 15:26:09.699,23375,23377,23377,1,1
2025-01-21 15:26:09.880,23375,23377,23377,1,1
2025-01-21 15:26:10.040,23375,23377,23377,1,1
2025-01-21 15:26:10.207,23376,23378,23378,1,1
2025-01-21 15:26:10.361,23375,23378,23378,1,1
2025-01-21 15:26:10.550,23375,23378,23378,1,1
2025-01-21 15:26:10.720,23376,23378,23378,1,1
2025-01-21 15:26:14.702,23375,23378,23376,1,-1
2025-01-21 15:26:28.991,23375,23377,23375,2,-2
2025-01-21 15:26:46.645,23374,23375,23375,2,2
2025-01-21 15:26:52.554,23376,23377,23377,1,1
2025-01-21 15:26:52.630,23376,23378,23377,1,1
2025-01-21 15:26:54.776,23377,23378,23378,1,1
2025-01-21 15:26:54.776,23377,23378,23378,1,1
2025-01-21 15:27:00.064,23377,23379,23379,1,1
2025-01-21 15:27:00.136,23377,23379,23379,1,1
2025-01-21 15:27:00.598,23377,23380,23380,1,1
2025-01-21 15:27:00.598,23377,23380,23380,4,4
2025-01-21 15:27:00.598,23377,23380,23380,1,1
2025-01-21 15:27:00.598,23377,23380,23380,2,2
2025-01-21 15:27:00.841,23380,23381,23381,2,2
2025-01-21 15:27:00.929,23380,23382,23382,1,1
2025-01-21 15:27:00.987,23380,23382,23382,2,2
2025-01-21 15:27:01.126,23381,23382,23382,1,1
2025-01-21 15:27:01.128,23381,23382,23382,1,1
2025-01-21 15:27:01.626,23381,23382,23382,3,3
2025-01-21 15:27:01.628,23381,23382,23383,3,3
2025-01-21 15:27:01.629,23381,23382,23384,1,1
2025-01-21 15:27:01.630,23381,23382,23384,1,1
2025-01-21 15:27:01.818,23384,23385,23385,1,1
2025-01-21 15:27:01.821,23384,23385,23385,4,4
2025-01-21 15:27:01.902,23385,23386,23386,2,2
2025-01-21 15:27:02.050,23385,23386,23386,1,1
2025-01-21 15:27:02.232,23385,23386,23386,2,2
2025-01-21 15:27:02.454,23386,23387,23386,1,-1
2025-01-21 15:27:05.261,23385,23386,23385,1,-1
2025-01-21 15:27:05.262,23385,23386,23385,1,-1
2025-01-21 15:27:06.232,23383,23385,23383,1,-1
2025-01-21 15:27:07.038,23383,23385,23385,1,1
2025-01-21 15:27:07.367,23383,23385,23385,4,4
2025-01-21 15:27:07.367,23383,23385,23386,6,6
2025-01-21 15:27:12.983,23384,23385,23385,1,1
2025-01-21 15:27:13.157,23384,23386,23383,4,-4
2025-01-21 15:27:13.157,23384,23386,23382,4,-4
2025-01-21 15:27:13.157,23384,23386,23381,4,-4
2025-01-21 15:27:14.111,23381,23384,23383,1,1
2025-01-21 15:27:24.018,23383,23385,23383,1,-1
2025-01-21 15:27:29.858,23383,23384,23383,1,-1
2025-01-21 15:27:29.859,23383,23384,23383,1,-1
2025-01-21 15:27:48.495,23383,23384,23384,1,1
2025-01-21 15:27:48.602,23384,23385,23385,1,1
2025-01-21 15:27:48.603,23384,23385,23385,3,3
2025-01-21 15:27:48.603,23384,23385,23386,2,2
2025-01-21 15:27:48.905,23386,23387,23386,1,-1
2025-01-21 15:27:50.570,23385,23387,23385,1,-1
2025-01-21 15:27:55.053,23385,23386,23386,1,1
2025-01-21 15:27:55.053,23385,23386,23386,1,1
2025-01-21 15:27:55.188,23386,23387,23386,1,-1
2025-01-21 15:28:00.417,23385,23386,23385,1,-1
2025-01-21 15:28:02.378,23385,23386,23386,1,1
2025-01-21 15:28:12.349,23383,23385,23385,1,1
2025-01-21 15:28:23.198,23383,23385,23385,1,1
2025-01-21 15:28:31.265,23384,23385,23385,1,1
2025-01-21 15:28:31.395,23384,23385,23385,1,1
2025-01-21 15:28:32.718,23384,23386,23386,2,2
2025-01-21 15:28:32.718,23384,23386,23387,2,2
2025-01-21 15:28:32.754,23384,23387,23387,1,1
2025-01-21 15:28:35.820,23384,23386,23386,1,1
2025-01-21 15:28:41.659,23385,23387,23385,1,-1
2025-01-21 15:28:42.289,23384,23385,23384,2,-2
2025-01-21 15:28:42.630,23383,23385,23385,1,1
2025-01-21 15:28:59.313,23384,23386,23384,1,-1
2025-01-21 15:29:11.346,23384,23386,23384,1,-1
2025-01-21 15:29:11.372,23384,23386,23384,1,-1
2025-01-21 15:29:12.538,23383,23384,23384,2,2
2025-01-21 15:29:14.990,23383,23385,23383,1,-1
2025-01-21 15:29:17.617,23383,23384,23383,1,-1
2025-01-21 15:29:17.617,23383,23384,23383,1,-1
2025-01-21 15:29:17.617,23383,23384,23383,1,-1
2025-01-21 15:29:17.617,23383,23384,23383,2,-2
2025-01-21 15:29:24.157,23382,23384,23384,2,2
2025-01-21 15:29:29.533,23384,23386,23384,1,-1
2025-01-21 15:29:43.674,23383,23384,23384,1,1
2025-01-21 15:29:43.676,23383,23384,23385,1,1
2025-01-21 15:29:43.676,23383,23384,23385,1,1
2025-01-21 15:29:55.227,23385,23386,23385,1,-1
2025-01-21 15:29:59.415,23384,23386,23385,1,-1
2025-01-21 15:30:00.014,23384,23386,23384,1,-1
2025-01-21 15:30:00.488,23382,23384,23384,2,2
2025-01-21 15:30:05.122,23382,23383,23382,1,-1
2025-01-21 15:30:05.226,23380,23383,23383,1,1
2025-01-21 15:30:05.435,23381,23384,23383,1,1
2025-01-21 15:30:07.326,23380,23381,23380,1,-1
2025-01-21 15:30:07.449,23378,23381,23381,1,1
2025-01-21 15:30:43.814,23379,23380,23379,1,-1
2025-01-21 15:30:43.852,23379,23380,23380,1,1
2025-01-21 15:30:43.852,23379,23380,23381,1,1
2025-01-21 15:30:46.098,23380,23381,23381,3,3
2025-01-21 15:30:46.102,23381,23383,23383,1,1
2025-01-21 15:30:46.103,23381,23383,23384,1,1
2025-01-21 15:31:04.568,23382,23383,23383,2,2
2025-01-21 15:31:04.604,23383,23384,23384,1,1
2025-01-21 15:31:04.604,23383,23384,23384,1,1
2025-01-21 15:31:05.636,23383,23384,23383,3,-3
2025-01-21 15:31:05.637,23383,23384,23382,1,-1
2025-01-21 15:31:15.083,23382,23384,23384,1,1
2025-01-21 15:31:27.064,23382,23383,23383,1,1
2025-01-21 15:31:27.065,23382,23383,23384,2,2
2025-01-21 15:31:43.814,23382,23383,23382,1,-1
2025-01-21 15:31:47.069,23381,23382,23382,2,2
2025-01-21 15:31:47.166,23382,23383,23383,1,1
2025-01-21 15:31:47.167,23382,23383,23383,1,1
2025-01-21 15:31:49.501,23383,23384,23384,2,2
2025-01-21 15:31:49.501,23383,23384,23384,3,3
2025-01-21 15:31:50.510,23384,23385,23384,1,-1
2025-01-21 15:31:51.784,23384,23385,23385,5,5
2025-01-21 15:31:52.447,23385,23386,23385,1,-1
2025-01-21 15:32:00.409,23384,23386,23385,1,-1
2025-01-21 15:32:03.827,23384,23385,23385,1,1
2025-01-21 15:32:04.692,23385,23386,23386,1,1
2025-01-21 15:32:04.692,23385,23386,23386,5,5
2025-01-21 15:32:05.071,23386,23387,23387,1,1
2025-01-21 15:32:05.071,23386,23387,23387,2,2
2025-01-21 15:32:08.420,23387,23388,23387,1,-1
2025-01-21 15:32:09.368,23387,23388,23388,1,1
2025-01-21 15:32:11.765,23387,23388,23387,1,-1
2025-01-21 15:32:21.146,23387,23388,23388,1,1
2025-01-21 15:32:21.147,23387,23388,23388,1,1
2025-01-21 15:32:24.568,23388,23389,23388,1,-1
2025-01-21 15:32:26.430,23388,23389,23388,1,-1
2025-01-21 15:32:32.376,23388,23389,23389,1,1
2025-01-21 15:32:32.376,23388,23389,23389,6,6
2025-01-21 15:32:33.692,23389,23390,23390,1,1
2025-01-21 15:32:33.692,23389,23390,23390,1,1
2025-01-21 15:32:33.693,23389,23390,23390,1,1
2025-01-21 15:32:33.752,23389,23390,23390,1,1
2025-01-21 15:32:33.819,23389,23390,23390,1,1
2025-01-21 15:32:33.865,23389,23390,23389,1,-1
2025-01-21 15:32:36.697,23389,23390,23390,2,2
2025-01-21 15:32:37.835,23390,23391,23391,1,1
2025-01-21 15:32:37.835,23390,23391,23391,1,1
2025-01-21 15:32:37.855,23391,23392,23391,1,-1
2025-01-21 15:32:37.898,23391,23392,23392,1,1
2025-01-21 15:32:40.169,23391,23392,23392,2,2
2025-01-21 15:32:41.675,23391,23392,23392,1,1
2025-01-21 15:32:41.675,23391,23392,23392,4,4
2025-01-21 15:32:41.809,23392,23393,23392,1,-1
2025-01-21 15:32:41.812,23392,23393,23392,1,-1
2025-01-21 15:32:42.796,23392,23393,23393,1,1
2025-01-21 15:32:42.797,23392,23393,23393,1,1
2025-01-21 15:32:44.603,23393,23394,23394,1,1
2025-01-21 15:32:46.154,23394,23395,23395,2,2
2025-01-21 15:32:50.549,23394,23395,23395,2,2
2025-01-21 15:32:50.875,23394,23395,23395,1,1
2025-01-21 15:32:53.099,23394,23395,23395,1,1
2025-01-21 15:32:53.099,23394,23395,23395,1,1
2025-01-21 15:32:55.466,23395,23396,23395,1,-1
2025-01-21 15:32:55.678,23395,23396,23396,5,5
2025-01-21 15:32:55.678,23395,23396,23396,1,1
2025-01-21 15:32:55.678,23395,23396,23396,1,1
2025-01-21 15:32:57.491,23396,23397,23396,1,-1
2025-01-21 15:33:00.700,23396,23397,23397,1,1
2025-01-21 15:33:00.844,23396,23397,23397,1,1
2025-01-21 15:33:00.884,23396,23397,23396,1,-1
2025-01-21 15:33:02.043,23396,23397,23396,1,-1
2025-01-21 15:33:02.043,23396,23397,23396,1,-1
2025-01-21 15:33:02.339,23395,23396,23396,1,1
2025-01-21 15:33:02.340,23395,23396,23396,1,1
2025-01-21 15:33:03.711,23395,23396,23395,1,-1
2025-01-21 15:33:03.711,23395,23396,23395,5,-5
2025-01-21 15:33:03.711,23395,23396,23395,1,-1
2025-01-21 15:33:03.711,23395,23396,23395,1,-1
2025-01-21 15:33:06.295,23394,23395,23394,4,-4
2025-01-21 15:33:06.296,23394,23395,23393,1,-1
2025-01-21 15:33:06.421,23392,23394,23394,1,1
2025-01-21 15:33:07.668,23392,23393,23393,1,1
2025-01-21 15:33:08.533,23392,23393,23392,1,-1
2025-01-21 15:33:08.870,23391,23392,23391,1,-1
2025-01-21 15:33:10.068,23391,23392,23392,1,1
2025-01-21 15:33:14.438,23391,23392,23392,1,1
2025-01-21 15:33:14.699,23391,23392,23392,1,1
2025-01-21 15:33:15.822,23391,23392,23391,1,-1
2025-01-21 15:33:18.793,23390,23391,23390,2,-2
2025-01-21 15:33:20.769,23390,23391,23391,1,1
2025-01-21 15:33:21.012,23390,23391,23391,1,1
2025-01-21 15:33:25.868,23392,23394,23394,1,1
2025-01-21 15:33:25.868,23392,23394,23394,2,2
2025-01-21 15:33:31.420,23391,23394,23394,1,1
2025-01-21 15:33:32.523,23391,23394,23391,1,-1
2025-01-21 15:33:48.627,23393,23394,23393,1,-1
2025-01-21 15:33:49.402,23393,23394,23394,2,2
2025-01-21 15:33:51.244,23393,23395,23393,2,-2
2025-01-21 15:33:51.653,23393,23394,23394,1,1
2025-01-21 15:33:51.654,23393,23394,23394,2,2
2025-01-21 15:33:54.805,23392,23395,23392,2,-2
2025-01-21 15:33:57.997,23393,23395,23393,1,-1
2025-01-21 15:34:06.715,23392,23395,23394,1,1
2025-01-21 15:34:17.022,23392,23394,23392,1,-1
2025-01-21 15:34:18.432,23392,23394,23394,12,12
2025-01-21 15:34:18.432,23392,23394,23395,2,2
2025-01-21 15:34:39.631,23394,23395,23394,2,-2
2025-01-21 15:34:50.124,23392,23393,23393,2,2
2025-01-21 15:35:01.190,23393,23394,23394,2,2
2025-01-21 15:35:01.190,23393,23394,23394,3,3
2025-01-21 15:35:01.614,23394,23395,23394,1,-1
2025-01-21 15:35:02.657,23394,23395,23395,1,1
2025-01-21 15:35:02.657,23394,23395,23395,1,1
2025-01-21 15:35:02.657,23394,23395,23395,3,3
2025-01-21 15:35:05.476,23392,23394,23392,1,-1
2025-01-21 15:35:12.988,23392,23393,23392,1,-1
2025-01-21 15:35:17.238,23391,23392,23391,1,-1
2025-01-21 15:35:17.238,23391,23392,23391,1,-1
2025-01-21 15:35:17.277,23391,23392,23391,1,-1
2025-01-21 15:35:18.895,23390,23391,23390,1,-1
2025-01-21 15:35:18.896,23390,23391,23390,2,-2
2025-01-21 15:35:18.896,23390,23391,23390,3,-3
2025-01-21 15:35:18.896,23390,23391,23390,2,-2
2025-01-21 15:35:18.896,23390,23391,23390,3,-3
2025-01-21 15:35:18.896,23390,23391,23390,1,-1
2025-01-21 15:35:18.896,23390,23391,23390,1,-1
2025-01-21 15:35:22.382,23389,23392,23392,1,1
2025-01-21 15:35:24.171,23390,23391,23391,1,1
2025-01-21 15:35:24.172,23390,23391,23391,1,1
2025-01-21 15:35:25.162,23390,23392,23390,1,-1
2025-01-21 15:35:38.451,23391,23394,23391,2,-2
2025-01-21 15:35:40.197,23390,23391,23391,2,2
2025-01-21 15:35:48.685,23390,23391,23390,1,-1
2025-01-21 15:35:49.573,23389,23391,23391,1,1
2025-01-21 15:35:59.401,23389,23390,23389,1,-1
2025-01-21 15:35:59.402,23389,23390,23389,3,-3
2025-01-21 15:36:00.021,23388,23390,23390,1,1
2025-01-21 15:36:06.302,23389,23390,23390,2,2
2025-01-21 15:36:06.353,23389,23390,23390,1,1
2025-01-21 15:36:08.889,23390,23391,23391,1,1
2025-01-21 15:36:08.889,23390,23391,23391,1,1
2025-01-21 15:36:14.918,23391,23392,23391,1,-1
2025-01-21 15:36:16.791,23390,23392,23392,1,1
2025-01-21 15:36:18.960,23391,23392,23391,1,-1
2025-01-21 15:36:20.194,23391,23392,23392,2,2
2025-01-21 15:36:20.227,23391,23392,23392,1,1
2025-01-21 15:36:21.352,23391,23392,23392,2,2
2025-01-21 15:36:27.346,23393,23394,23393,1,-1
2025-01-21 15:36:27.346,23393,23394,23393,1,-1
2025-01-21 15:36:33.345,23392,23393,23392,2,-2
2025-01-21 15:36:37.575,23392,23393,23393,1,1
2025-01-21 15:36:37.576,23392,23393,23393,3,3
2025-01-21 15:36:40.201,23393,23394,23394,1,1
2025-01-21 15:36:46.232,23392,23394,23392,1,-1
2025-01-21 15:36:48.313,23391,23393,23393,2,2
2025-01-21 15:36:51.591,23391,23393,23391,1,-1
2025-01-21 15:36:56.925,23392,23394,23392,1,-1
2025-01-21 15:37:04.278,23393,23394,23393,1,-1
2025-01-21 15:37:11.225,23391,23393,23393,2,2
2025-01-21 15:37:13.891,23393,23394,23393,1,-1
2025-01-21 15:37:34.882,23390,23391,23389,1,-1
2025-01-21 15:37:34.882,23390,23391,23390,3,-3
2025-01-21 15:37:34.953,23390,23391,23388,12,-12
2025-01-21 15:37:34.954,23390,23391,23387,1,-1
2025-01-21 15:37:36.440,23387,23388,23387,1,-1
2025-01-21 15:37:36.441,23387,23388,23387,1,-1
2025-01-21 15:37:36.441,23387,23388,23387,1,-1
2025-01-21 15:37:38.362,23385,23388,23385,1,-1
2025-01-21 15:37:40.506,23385,23387,23385,1,-1
2025-01-21 15:37:42.783,23385,23387,23385,3,-3
2025-01-21 15:37:44.800,23382,23384,23382,1,-1
2025-01-21 15:37:44.941,23381,23383,23383,1,1
2025-01-21 15:37:45.680,23381,23384,23381,1,-1
2025-01-21 15:37:48.311,23382,23384,23382,2,-2
2025-01-21 15:38:04.415,23385,23387,23385,2,-2
2025-01-21 15:38:21.963,23385,23387,23385,2,-2
2025-01-21 15:38:25.104,23385,23387,23387,1,1
2025-01-21 15:38:38.558,23386,23387,23387,1,1
2025-01-21 15:38:45.370,23387,23388,23387,1,-1
2025-01-21 15:38:54.355,23386,23387,23386,2,-2
2025-01-21 15:39:04.400,23385,23386,23385,1,-1
2025-01-21 15:39:04.735,23384,23385,23385,1,1
2025-01-21 15:39:18.867,23384,23385,23384,1,-1
2025-01-21 15:39:31.624,23384,23385,23384,1,-1
2025-01-21 15:39:31.669,23384,23385,23384,6,-6
2025-01-21 15:39:31.708,23384,23385,23382,1,-1
2025-01-21 15:39:43.354,23381,23383,23381,1,-1
2025-01-21 15:39:49.147,23382,23383,23383,1,1
2025-01-21 15:39:57.237,23381,23383,23381,1,-1
2025-01-21 15:40:00.281,23382,23383,23382,1,-1
2025-01-21 15:40:01.182,23380,23381,23381,1,1
2025-01-21 15:40:03.161,23380,23382,23380,9,-9
2025-01-21 15:40:03.428,23378,23380,23378,4,-4
2025-01-21 15:40:03.428,23378,23380,23377,10,-10
2025-01-21 15:40:03.496,23376,23379,23376,1,-1
2025-01-21 15:40:03.498,23376,23379,23376,1,-1
2025-01-21 15:40:03.512,23376,23379,23376,1,-1
2025-01-21 15:40:07.454,23378,23380,23380,1,1
2025-01-21 15:40:10.720,23378,23381,23378,2,-2
2025-01-21 15:40:21.290,23378,23379,23378,1,-1
2025-01-21 15:40:21.511,23378,23379,23379,1,1
2025-01-21 15:40:33.450,23379,23380,23380,1,1
2025-01-21 15:40:35.106,23379,23380,23379,2,-2
2025-01-21 15:40:35.107,23379,23380,23378,1,-1
2025-01-21 15:40:46.164,23377,23378,23378,1,1
2025-01-21 15:40:46.474,23377,23379,23377,2,-2
2025-01-21 15:40:53.697,23378,23379,23379,1,1
2025-01-21 15:40:53.697,23378,23379,23380,2,2
2025-01-21 15:41:11.144,23376,23378,23376,1,-1
2025-01-21 15:41:11.743,23376,23378,23378,1,1
2025-01-21 15:41:11.973,23376,23378,23378,1,1
2025-01-21 15:41:11.973,23376,23378,23379,3,3
2025-01-21 15:41:11.973,23376,23378,23380,1,1
2025-01-21 15:41:16.011,23376,23378,23378,1,1
2025-01-21 15:41:21.068,23376,23378,23377,1,1
2025-01-21 15:41:29.736,23376,23378,23378,1,1
2025-01-21 15:41:32.622,23376,23378,23376,2,-2
2025-01-21 15:41:38.149,23375,23377,23377,2,2
2025-01-21 15:41:45.453,23376,23377,23377,1,1
2025-01-21 15:41:48.077,23377,23379,23379,1,1
2025-01-21 15:41:48.081,23377,23379,23380,1,1
2025-01-21 15:41:48.880,23379,23380,23380,2,2
2025-01-21 15:41:54.407,23379,23380,23380,1,1
2025-01-21 15:41:54.407,23379,23380,23380,2,2
2025-01-21 15:41:54.407,23379,23380,23380,1,1
2025-01-21 15:42:00.351,23379,23380,23380,1,1
2025-01-21 15:42:02.702,23379,23381,23381,1,1
2025-01-21 15:42:04.153,23381,23382,23382,1,1
2025-01-21 15:42:05.113,23381,23383,23383,1,1
2025-01-21 15:42:14.303,23381,23384,23384,1,1
2025-01-21 15:42:19.578,23382,23384,23384,1,1
2025-01-21 15:42:21.626,23382,23384,23384,1,1
2025-01-21 15:42:21.626,23382,23384,23384,2,2
2025-01-21 15:42:21.652,23382,23384,23385,5,5
2025-01-21 15:42:21.652,23382,23384,23385,1,1
2025-01-21 15:42:28.271,23386,23387,23387,1,1
2025-01-21 15:42:28.558,23386,23389,23389,1,1
2025-01-21 15:42:33.132,23386,23389,23389,1,1
2025-01-21 15:42:45.012,23386,23387,23387,1,1
2025-01-21 15:42:52.950,23387,23389,23389,1,1
2025-01-21 15:42:59.867,23385,23388,23388,1,1
2025-01-21 15:43:00.046,23386,23388,23388,1,1
2025-01-21 15:43:07.611,23385,23387,23385,3,-3
2025-01-21 15:43:07.727,23383,23386,23386,1,1
2025-01-21 15:43:07.728,23383,23386,23386,1,1
2025-01-21 15:43:07.729,23383,23386,23387,1,1
2025-01-21 15:43:07.729,23383,23386,23387,1,1
2025-01-21 15:43:17.423,23385,23387,23385,2,-2
2025-01-21 15:43:17.787,23383,23386,23385,1,1
2025-01-21 15:43:30.481,23381,23382,23382,1,1
2025-01-21 15:43:30.603,23382,23384,23384,1,1
2025-01-21 15:43:30.609,23382,23384,23385,1,1
2025-01-21 15:43:30.641,23382,23384,23382,1,-1
2025-01-21 15:43:31.480,23382,23384,23384,1,1
2025-01-21 15:43:34.396,23382,23384,23382,1,-1
2025-01-21 15:43:45.702,23381,23384,23381,1,-1
2025-01-21 15:43:45.725,23381,23383,23383,1,1
2025-01-21 15:44:00.573,23382,23383,23382,1,-1
2025-01-21 15:44:01.134,23381,23382,23381,1,-1
2025-01-21 15:44:04.519,23380,23382,23382,2,2
2025-01-21 15:44:05.579,23380,23382,23380,1,-1
2025-01-21 15:44:07.306,23380,23381,23381,2,2
2025-01-21 15:44:07.306,23380,23381,23382,1,1
2025-01-21 15:44:08.332,23381,23383,23381,1,-1
2025-01-21 15:44:16.440,23379,23381,23379,1,-1
2025-01-21 15:44:18.035,23379,23381,23379,1,-1
2025-01-21 15:44:19.009,23379,23381,23379,1,-1
2025-01-21 15:44:41.159,23377,23379,23379,1,1
2025-01-21 15:44:41.171,23377,23379,23380,1,1
2025-01-21 15:44:41.171,23377,23379,23380,5,5
2025-01-21 15:44:41.172,23377,23379,23380,1,1
2025-01-21 15:44:41.172,23377,23379,23380,2,2
2025-01-21 15:44:41.172,23377,23379,23380,1,1
2025-01-21 15:44:41.172,23377,23379,23380,1,1
2025-01-21 15:44:41.172,23377,23379,23380,2,2
2025-01-21 15:44:41.858,23378,23381,23378,1,-1
2025-01-21 15:44:56.491,23379,23381,23379,1,-1
2025-01-21 15:45:01.448,23380,23381,23380,1,-1
2025-01-21 15:45:05.746,23379,23380,23379,3,-3
2025-01-21 15:45:06.491,23378,23379,23379,1,1
2025-01-21 15:45:19.695,23378,23380,23378,4,-4
2025-01-21 15:45:22.317,23377,23378,23378,2,2
2025-01-21 15:45:35.383,23378,23380,23378,1,-1
2025-01-21 15:45:37.850,23378,23379,23378,6,-6
2025-01-21 15:45:38.508,23377,23378,23377,1,-1
2025-01-21 15:45:38.510,23377,23378,23377,1,-1
2025-01-21 15:45:41.638,23376,23378,23376,3,-3
2025-01-21 15:45:44.677,23375,23378,23376,2,-2
2025-01-21 15:45:53.800,23376,23379,23378,2,2
2025-01-21 15:45:55.228,23378,23379,23379,1,1
2025-01-21 15:45:56.196,23378,23380,23378,1,-1
2025-01-21 15:46:07.563,23378,23380,23379,1,-1
2025-01-21 15:46:07.564,23378,23380,23379,1,-1
2025-01-21 15:46:07.564,23378,23380,23379,1,-1
2025-01-21 15:46:07.565,23378,23380,23379,1,-1
2025-01-21 15:46:07.565,23378,23380,23379,1,-1
2025-01-21 15:46:07.576,23378,23380,23378,7,-7
2025-01-21 15:46:12.738,23377,23378,23378,1,1
2025-01-21 15:46:12.852,23377,23380,23380,1,1
2025-01-21 15:46:12.853,23377,23380,23380,1,1
2025-01-21 15:46:14.591,23378,23380,23380,1,1
2025-01-21 15:46:20.755,23379,23380,23380,1,1
2025-01-21 15:46:22.412,23379,23381,23381,1,1
2025-01-21 15:46:22.479,23379,23381,23381,5,5
2025-01-21 15:46:23.024,23381,23383,23381,1,-1
2025-01-21 15:46:26.749,23380,23383,23383,1,1
2025-01-21 15:46:29.476,23381,23382,23382,1,1
2025-01-21 15:46:40.685,23381,23382,23381,1,-1
2025-01-21 15:46:42.838,23380,23381,23381,1,1
2025-01-21 15:46:46.398,23380,23381,23380,2,-2
2025-01-21 15:46:51.481,23377,23379,23377,1,-1
2025-01-21 15:46:51.481,23377,23379,23377,1,-1
2025-01-21 15:46:51.602,23376,23378,23378,1,1
2025-01-21 15:46:56.545,23379,23380,23380,1,1
2025-01-21 15:47:00.876,23381,23382,23381,2,-2
2025-01-21 15:47:12.727,23380,23382,23382,1,1
2025-01-21 15:47:12.727,23380,23382,23383,1,1
2025-01-21 15:47:21.023,23381,23383,23383,2,2
2025-01-21 15:47:27.561,23382,23384,23384,1,1
2025-01-21 15:47:30.394,23382,23384,23384,1,1
2025-01-21 15:47:54.146,23382,23383,23382,1,-1
2025-01-21 15:47:54.801,23382,23383,23383,1,1
2025-01-21 15:47:58.288,23382,23383,23382,1,-1
2025-01-21 15:48:02.148,23382,23383,23382,1,-1
2025-01-21 15:48:02.148,23382,23383,23382,1,-1
2025-01-21 15:48:02.454,23380,23383,23380,1,-1
2025-01-21 15:48:05.115,23380,23382,23382,2,2
2025-01-21 15:48:05.117,23380,23382,23382,1,1
2025-01-21 15:48:05.711,23381,23383,23381,1,-1
2025-01-21 15:48:29.350,23380,23382,23382,1,1
2025-01-21 15:48:29.376,23380,23382,23382,1,1
2025-01-21 15:48:32.940,23382,23383,23383,1,1
2025-01-21 15:49:01.249,23382,23383,23382,1,-1
2025-01-21 15:49:07.973,23381,23382,23381,2,-2
2025-01-21 15:49:17.906,23380,23381,23380,1,-1
2025-01-21 15:49:18.765,23380,23381,23382,1,1
2025-01-21 15:49:18.765,23380,23381,23383,6,6
2025-01-21 15:49:18.765,23380,23381,23381,1,1
2025-01-21 15:49:18.766,23380,23381,23383,1,1
2025-01-21 15:49:18.766,23380,23381,23383,6,6
2025-01-21 15:49:31.476,23381,23383,23383,1,1
2025-01-21 15:49:31.997,23382,23383,23382,1,-1
2025-01-21 15:49:33.231,23380,23383,23383,1,1
2025-01-21 15:49:35.155,23381,23383,23383,1,1
2025-01-21 15:49:37.118,23381,23383,23383,1,1
2025-01-21 15:49:38.959,23381,23384,23384,1,1
2025-01-21 15:49:39.875,23381,23384,23384,2,2
2025-01-21 15:49:40.069,23381,23384,23384,1,1
2025-01-21 15:49:40.069,23381,23384,23384,1,1
2025-01-21 15:49:52.059,23382,23384,23383,1,1
2025-01-21 15:49:52.059,23382,23384,23384,1,1
2025-01-21 15:49:58.986,23381,23382,23381,1,-1
2025-01-21 15:49:59.001,23381,23382,23380,1,-1
2025-01-21 15:49:59.002,23381,23382,23380,2,-2
2025-01-21 15:50:08.287,23379,23380,23379,1,-1
2025-01-21 15:50:20.783,23379,23380,23379,1,-1
2025-01-21 15:50:21.380,23378,23379,23378,1,-1
2025-01-21 15:50:21.380,23378,23379,23378,2,-2
2025-01-21 15:50:21.380,23378,23379,23378,1,-1
2025-01-21 15:50:21.380,23378,23379,23378,4,-4
2025-01-21 15:50:22.282,23377,23378,23377,1,-1
2025-01-21 15:50:30.672,23376,23378,23377,1,-1
2025-01-21 15:50:32.325,23376,23378,23378,2,2
2025-01-21 15:50:32.593,23376,23378,23376,2,-2
2025-01-21 15:50:32.594,23376,23378,23376,1,-1
2025-01-21 15:50:40.976,23377,23378,23378,1,1
2025-01-21 15:50:41.253,23378,23380,23377,1,-1
2025-01-21 15:50:45.709,23376,23379,23376,1,-1
2025-01-21 15:50:47.602,23378,23380,23380,2,2
2025-01-21 15:50:48.385,23378,23380,23378,1,-1
2025-01-21 15:50:52.422,23378,23380,23378,2,-2
2025-01-21 15:51:00.365,23376,23378,23376,1,-1
2025-01-21 15:51:00.433,23376,23378,23375,1,-1
2025-01-21 15:51:00.433,23376,23378,23375,2,-2
2025-01-21 15:51:00.587,23374,23376,23374,1,-1
2025-01-21 15:51:00.618,23374,23376,23374,1,-1
2025-01-21 15:51:00.618,23374,23376,23373,1,-1
2025-01-21 15:51:00.653,23374,23376,23373,1,-1
2025-01-21 15:51:00.788,23373,23376,23373,1,-1
2025-01-21 15:51:01.348,23373,23376,23376,1,1
2025-01-21 15:51:03.733,23374,23377,23377,1,1
2025-01-21 15:51:03.779,23374,23377,23377,1,1
2025-01-21 15:51:25.454,23378,23379,23378,1,-1
2025-01-21 15:51:31.492,23377,23379,23379,1,1
2025-01-21 15:51:31.492,23377,23379,23380,2,2
2025-01-21 15:51:31.492,23377,23379,23381,5,5
2025-01-21 15:51:31.724,23378,23381,23378,1,-1
2025-01-21 15:51:35.085,23380,23381,23381,3,3
2025-01-21 15:51:37.339,23381,23383,23383,1,1
2025-01-21 15:51:37.339,23381,23383,23383,1,1
2025-01-21 15:51:50.330,23383,23384,23384,1,1
2025-01-21 15:51:50.331,23383,23384,23384,1,1
2025-01-21 15:52:00.446,23383,23385,23383,1,-1
2025-01-21 15:52:11.794,23382,23384,23384,1,1
2025-01-21 15:52:11.794,23382,23384,23384,1,1
2025-01-21 15:52:13.755,23384,23385,23384,2,-2
2025-01-21 15:52:18.923,23384,23385,23385,3,3
2025-01-21 15:52:18.923,23384,23385,23385,1,1
2025-01-21 15:52:18.924,23384,23385,23385,1,1
2025-01-21 15:52:18.924,23384,23385,23385,1,1
2025-01-21 15:52:18.924,23384,23385,23385,3,3
2025-01-21 15:52:18.924,23384,23385,23385,1,1
2025-01-21 15:52:29.406,23385,23386,23385,1,-1
2025-01-21 15:52:29.406,23385,23386,23384,1,-1
2025-01-21 15:52:49.183,23383,23384,23383,1,-1
2025-01-21 15:52:54.727,23381,23382,23381,1,-1
2025-01-21 15:53:03.240,23378,23380,23380,2,2
2025-01-21 15:53:03.323,23378,23380,23379,1,1
2025-01-21 15:53:08.708,23378,23380,23379,2,2
2025-01-21 15:53:37.194,23380,23382,23382,1,1
2025-01-21 15:53:52.041,23380,23382,23382,1,1
2025-01-21 15:53:53.936,23380,23382,23380,1,-1
2025-01-21 15:53:54.889,23380,23382,23382,1,1
2025-01-21 15:53:57.708,23380,23382,23382,3,3
2025-01-21 15:54:18.865,23382,23384,23382,3,-3
2025-01-21 15:54:18.867,23382,23384,23384,1,1
2025-01-21 15:54:18.867,23382,23384,23384,1,1
2025-01-21 15:54:20.935,23383,23385,23385,4,4
2025-01-21 15:54:33.195,23385,23386,23386,1,1
2025-01-21 15:54:40.504,23385,23386,23385,1,-1
2025-01-21 15:54:45.870,23385,23386,23385,1,-1
2025-01-21 15:54:55.700,23385,23386,23386,1,1
2025-01-21 15:54:55.700,23385,23386,23386,1,1
2025-01-21 15:54:55.700,23385,23386,23386,1,1
2025-01-21 15:54:59.017,23386,23387,23387,1,1
2025-01-21 15:54:59.018,23386,23387,23387,1,1
2025-01-21 15:54:59.187,23386,23388,23387,1,1
2025-01-21 15:54:59.187,23386,23388,23385,3,-3
2025-01-21 15:54:59.676,23384,23387,23386,1,1
2025-01-21 15:55:04.548,23384,23385,23385,1,1
2025-01-21 15:55:05.180,23386,23387,23387,1,1
2025-01-21 15:55:09.585,23387,23388,23390,1,1
2025-01-21 15:55:09.585,23387,23388,23388,1,1
2025-01-21 15:55:17.459,23388,23389,23388,1,-1
2025-01-21 15:55:17.581,23384,23387,23387,1,1
2025-01-21 15:55:23.246,23385,23388,23388,4,4
2025-01-21 15:55:33.728,23387,23389,23387,1,-1
2025-01-21 15:55:36.616,23385,23387,23385,1,-1
2025-01-21 15:55:44.083,23385,23386,23385,1,-1
2025-01-21 15:55:44.399,23384,23385,23384,1,-1
2025-01-21 15:55:44.399,23384,23385,23384,1,-1
2025-01-21 15:55:50.825,23383,23385,23385,1,1
2025-01-21 15:56:00.572,23383,23384,23383,1,-1
2025-01-21 15:56:02.661,23383,23384,23383,1,-1
2025-01-21 15:56:10.696,23381,23383,23383,1,1
2025-01-21 15:56:11.771,23383,23385,23383,2,-2
2025-01-21 15:56:11.783,23383,23385,23381,1,-1
2025-01-21 15:56:14.387,23380,23381,23381,1,1
2025-01-21 15:56:15.769,23381,23383,23381,1,-1
2025-01-21 15:56:18.761,23382,23384,23382,2,-2
2025-01-21 15:56:19.152,23381,23384,23382,1,-1
2025-01-21 15:56:29.633,23385,23386,23386,1,1
2025-01-21 15:56:34.478,23385,23387,23387,1,1
2025-01-21 15:56:39.363,23386,23387,23386,1,-1
2025-01-21 15:56:41.583,23385,23387,23387,1,1
2025-01-21 15:56:42.901,23387,23389,23389,2,2
2025-01-21 15:56:44.296,23389,23390,23390,3,3
2025-01-21 15:56:44.303,23389,23390,23390,1,1
2025-01-21 15:56:45.601,23390,23391,23391,1,1
2025-01-21 15:56:45.601,23390,23391,23391,1,1
2025-01-21 15:56:52.886,23390,23391,23390,1,-1
2025-01-21 15:56:58.071,23388,23390,23389,1,-1
2025-01-21 15:56:58.653,23388,23389,23389,1,1
2025-01-21 15:57:07.015,23388,23389,23388,1,-1
2025-01-21 15:57:41.598,23386,23388,23388,1,1
2025-01-21 15:57:50.276,23386,23388,23388,1,1
2025-01-21 15:57:50.320,23386,23388,23388,1,1
2025-01-21 15:58:02.828,23388,23389,23388,1,-1
2025-01-21 15:58:26.239,23388,23390,23388,1,-1
2025-01-21 15:58:33.663,23389,23390,23390,1,1
2025-01-21 15:58:33.664,23389,23390,23391,1,1
2025-01-21 15:58:40.725,23389,23391,23389,1,-1
2025-01-21 15:58:40.726,23389,23391,23389,1,-1
2025-01-21 15:58:49.182,23389,23391,23391,1,1
2025-01-21 15:58:50.195,23390,23391,23391,1,1
2025-01-21 15:58:51.369,23391,23392,23392,1,1
2025-01-21 15:58:52.563,23391,23392,23392,1,1
2025-01-21 15:58:52.563,23391,23392,23392,2,2
2025-01-21 15:58:53.361,23391,23393,23393,1,1
2025-01-21 15:58:53.621,23391,23393,23391,1,-1
2025-01-21 15:58:54.134,23391,23393,23393,1,1
2025-01-21 15:58:55.025,23391,23393,23391,1,-1
2025-01-21 15:58:56.323,23390,23393,23393,1,1
2025-01-21 15:58:59.845,23391,23393,23393,1,1
2025-01-21 15:59:00.364,23391,23393,23393,1,1
2025-01-21 15:59:11.483,23391,23393,23391,1,-1
2025-01-21 15:59:11.642,23391,23393,23393,1,1
2025-01-21 15:59:11.645,23391,23393,23393,1,1
2025-01-21 15:59:20.265,23393,23394,23394,2,2
2025-01-21 15:59:21.682,23393,23395,23395,2,2
2025-01-21 15:59:21.682,23393,23395,23395,1,1
2025-01-21 15:59:21.683,23393,23395,23395,1,1
2025-01-21 15:59:21.683,23393,23395,23395,3,3
2025-01-21 15:59:21.683,23393,23395,23395,1,1
2025-01-21 15:59:21.684,23393,23395,23393,1,-1
2025-01-21 15:59:21.685,23393,23395,23393,2,-2
2025-01-21 15:59:21.685,23393,23395,23393,1,-1
2025-01-21 15:59:28.134,23392,23394,23392,2,-2
2025-01-21 15:59:37.294,23391,23392,23392,2,2
2025-01-21 15:59:40.370,23391,23392,23392,1,1
2025-01-21 15:59:49.360,23393,23394,23394,2,2
2025-01-21 15:59:51.849,23394,23395,23394,1,-1
2025-01-21 15:59:53.121,23394,23395,23395,1,1
2025-01-21 15:59:54.618,23394,23395,23395,1,1
2025-01-21 15:59:58.510,23395,23396,23396,1,1
2025-01-21 15:59:59.871,23395,23396,23395,1,-1
2025-01-21 16:00:00.264,23392,23393,23392,1,-1
2025-01-21 16:00:00.302,23392,23393,23391,1,-1
2025-01-21 16:00:00.303,23392,23393,23391,1,-1
2025-01-21 16:00:00.383,23390,23391,23390,1,-1
2025-01-21 16:00:00.383,23390,23391,23390,1,-1
2025-01-21 16:00:00.383,23390,23391,23390,2,-2
2025-01-21 16:00:00.384,23390,23391,23389,2,-2
2025-01-21 16:00:00.431,23390,23391,23390,1,-1
2025-01-21 16:00:00.621,23388,23390,23390,1,1
2025-01-21 16:00:00.677,23388,23390,23391,1,1
2025-01-21 16:00:00.777,23389,23392,23392,1,1
2025-01-21 16:00:00.856,23389,23392,23392,1,1
2025-01-21 16:00:00.896,23389,23392,23392,1,1
2025-01-21 16:00:00.957,23389,23392,23393,2,2
2025-01-21 16:00:01.447,23392,23394,23395,1,1
2025-01-21 16:00:01.468,23392,23394,23395,1,1
2025-01-21 16:00:01.972,23392,23395,23395,1,1
2025-01-21 16:00:02.149,23392,23395,23394,1,1
2025-01-21 16:00:02.272,23393,23395,23395,1,1
2025-01-21 16:00:02.883,23394,23395,23394,1,-1
2025-01-21 16:00:03.958,23393,23395,23395,2,2
2025-01-21 16:00:05.206,23392,23395,23392,1,-1
2025-01-21 16:00:05.206,23392,23395,23392,2,-2
2025-01-21 16:00:10.071,23391,23392,23391,1,-1
2025-01-21 16:00:17.111,23390,23391,23390,1,-1
2025-01-21 16:00:17.227,23388,23391,23391,1,1
2025-01-21 16:00:23.809,23388,23391,23388,1,-1
2025-01-21 16:00:23.854,23388,23390,23390,1,1
2025-01-21 16:00:26.365,23389,23392,23389,3,-3
2025-01-21 16:00:33.531,23388,23389,23388,1,-1
2025-01-21 16:00:33.541,23388,23389,23387,1,-1
2025-01-21 16:00:33.603,23386,23388,23388,1,1
2025-01-21 16:00:36.309,23386,23387,23386,1,-1
2025-01-21 16:00:36.845,23385,23387,23387,1,1
2025-01-21 16:00:39.238,23385,23388,23388,1,1
2025-01-21 16:00:39.353,23386,23388,23388,1,1
2025-01-21 16:00:39.353,23386,23388,23388,1,1
2025-01-21 16:00:50.584,23386,23388,23387,1,1
2025-01-21 16:01:03.479,23386,23387,23386,1,-1
2025-01-21 16:01:03.486,23386,23387,23385,1,-1
2025-01-21 16:01:03.486,23386,23387,23385,3,-3
2025-01-21 16:01:08.196,23383,23385,23384,1,-1
2025-01-21 16:01:08.248,23383,23384,23383,3,-3
2025-01-21 16:01:13.500,23381,23383,23383,1,1
2025-01-21 16:01:13.921,23382,23384,23382,1,-1
2025-01-21 16:01:19.486,23381,23382,23381,1,-1
2025-01-21 16:01:29.699,23380,23382,23380,2,-2
2025-01-21 16:01:29.809,23380,23382,23380,2,-2
2025-01-21 16:01:31.539,23379,23381,23381,1,1
2025-01-21 16:01:32.328,23380,23381,23382,1,1
2025-01-21 16:01:32.328,23380,23381,23382,2,2
2025-01-21 16:01:32.328,23380,23381,23381,1,1
2025-01-21 16:01:32.393,23380,23383,23380,1,-1
2025-01-21 16:01:32.414,23380,23383,23380,1,-1
2025-01-21 16:01:35.087,23379,23380,23379,1,-1
2025-01-21 16:01:37.635,23379,23380,23380,1,1
2025-01-21 16:01:38.048,23379,23381,23379,1,-1
2025-01-21 16:01:41.657,23379,23381,23379,2,-2
2025-01-21 16:01:49.238,23379,23380,23380,1,1
2025-01-21 16:01:51.940,23380,23382,23380,1,-1
2025-01-21 16:01:54.458,23379,23382,23380,1,-1
2025-01-21 16:02:00.293,23379,23380,23380,1,1
2025-01-21 16:02:00.293,23379,23380,23381,1,1
2025-01-21 16:02:02.225,23380,23382,23379,1,-1
2025-01-21 16:02:02.225,23380,23382,23380,2,-2
2025-01-21 16:02:02.438,23379,23381,23379,1,-1
2025-01-21 16:02:02.438,23379,23381,23379,1,-1
2025-01-21 16:02:04.992,23379,23381,23379,4,-4
2025-01-21 16:02:04.992,23379,23381,23379,1,-1
2025-01-21 16:02:15.216,23379,23380,23379,7,-7
2025-01-21 16:02:15.444,23378,23379,23378,7,-7
2025-01-21 16:02:15.444,23378,23379,23378,3,-3
2025-01-21 16:02:15.445,23378,23379,23378,1,-1
2025-01-21 16:02:23.297,23376,23378,23376,2,-2
2025-01-21 16:02:23.391,23376,23378,23376,1,-1
2025-01-21 16:02:25.533,23376,23379,23376,1,-1
2025-01-21 16:02:30.976,23376,23378,23376,2,-2
2025-01-21 16:02:30.976,23376,23378,23376,1,-1
2025-01-21 16:02:40.198,23376,23377,23376,1,-1
2025-01-21 16:02:43.009,23376,23377,23376,1,-1
2025-01-21 16:02:43.377,23376,23377,23377,1,1
2025-01-21 16:02:43.378,23376,23377,23377,1,1
2025-01-21 16:02:45.192,23376,23377,23377,1,1
2025-01-21 16:02:53.732,23376,23377,23377,1,1
2025-01-21 16:03:00.295,23376,23378,23376,2,-2
2025-01-21 16:03:00.654,23375,23377,23375,1,-1
2025-01-21 16:03:00.654,23375,23377,23375,2,-2
2025-01-21 16:03:01.532,23374,23375,23374,1,-1
2025-01-21 16:03:01.533,23374,23375,23373,1,-1
2025-01-21 16:03:09.094,23373,23375,23373,1,-1
2025-01-21 16:03:10.089,23373,23375,23373,1,-1
2025-01-21 16:03:10.460,23373,23376,23373,1,-1
2025-01-21 16:03:10.819,23373,23376,23373,1,-1
2025-01-21 16:03:10.906,23373,23376,23373,1,-1
2025-01-21 16:03:14.621,23373,23375,23373,1,-1
2025-01-21 16:03:22.052,23374,23375,23375,1,1
2025-01-21 16:03:22.246,23375,23377,23375,1,-1
2025-01-21 16:03:28.656,23373,23375,23373,3,-3
2025-01-21 16:03:29.469,23372,23374,23374,1,1
2025-01-21 16:03:40.687,23372,23375,23375,4,4
2025-01-21 16:03:40.687,23372,23375,23376,5,5
2025-01-21 16:03:40.687,23372,23375,23377,3,3
2025-01-21 16:03:42.166,23375,23377,23377,2,2
2025-01-21 16:03:42.167,23375,23377,23377,1,1
2025-01-21 16:03:46.862,23375,23377,23375,1,-1
2025-01-21 16:03:59.115,23375,23376,23375,1,-1
2025-01-21 16:04:01.542,23375,23376,23375,1,-1
2025-01-21 16:04:01.544,23375,23376,23374,1,-1
2025-01-21 16:04:12.747,23373,23375,23373,2,-2
2025-01-21 16:04:15.477,23372,23374,23372,4,-4
2025-01-21 16:04:15.521,23372,23374,23371,5,-5
2025-01-21 16:04:16.660,23371,23372,23371,2,-2
2025-01-21 16:04:16.660,23371,23372,23371,1,-1
2025-01-21 16:04:17.510,23371,23372,23372,1,1
2025-01-21 16:04:17.779,23372,23374,23372,1,-1
2025-01-21 16:04:31.637,23373,23374,23374,1,1
2025-01-21 16:04:32.355,23373,23375,23373,2,-2
2025-01-21 16:04:38.620,23374,23376,23376,1,1
2025-01-21 16:04:38.668,23374,23376,23377,1,1
2025-01-21 16:04:38.668,23374,23376,23378,1,1
2025-01-21 16:04:49.857,23375,23377,23375,1,-1
2025-01-21 16:05:00.086,23373,23375,23375,1,1
2025-01-21 16:05:00.462,23374,23377,23375,1,-1
2025-01-21 16:05:02.245,23375,23378,23378,2,2
2025-01-21 16:05:04.593,23375,23377,23375,2,-2
2025-01-21 16:05:06.596,23373,23375,23374,2,-2
2025-01-21 16:05:07.453,23373,23375,23373,3,-3
2025-01-21 16:05:12.522,23372,23375,23372,1,-1
2025-01-21 16:05:13.830,23372,23375,23374,1,1
2025-01-21 16:05:16.174,23373,23376,23376,2,2
2025-01-21 16:05:21.715,23372,23374,23374,1,1
2025-01-21 16:05:32.034,23373,23375,23373,1,-1
2025-01-21 16:05:34.180,23372,23373,23373,2,2
2025-01-21 16:05:34.180,23372,23373,23373,2,2
2025-01-21 16:05:34.181,23372,23373,23373,1,1
2025-01-21 16:05:35.869,23373,23375,23373,1,-1
2025-01-21 16:05:37.593,23373,23375,23375,1,1
2025-01-21 16:05:48.010,23374,23376,23374,1,-1
2025-01-21 16:06:02.272,23375,23376,23376,1,1
2025-01-21 16:06:02.272,23375,23376,23376,1,1
2025-01-21 16:06:04.737,23377,23378,23377,1,-1
2025-01-21 16:06:15.001,23376,23378,23378,1,1
2025-01-21 16:06:15.001,23376,23378,23379,1,1
2025-01-21 16:06:15.565,23376,23379,23376,2,-2
2025-01-21 16:06:15.775,23376,23379,23376,1,-1
2025-01-21 16:06:33.822,23376,23378,23376,1,-1
2025-01-21 16:06:33.823,23376,23378,23375,4,-4
2025-01-21 16:06:35.504,23374,23375,23374,1,-1
2025-01-21 16:06:35.504,23374,23375,23374,1,-1
2025-01-21 16:06:36.282,23373,23374,23373,1,-1
2025-01-21 16:06:37.148,23372,23375,23372,1,-1
2025-01-21 16:06:44.386,23371,23373,23373,1,1
2025-01-21 16:06:53.734,23372,23373,23372,2,-2
2025-01-21 16:06:55.427,23372,23373,23372,1,-1
2025-01-21 16:06:56.569,23371,23374,23371,1,-1
2025-01-21 16:07:00.456,23371,23374,23371,2,-2
2025-01-21 16:07:01.576,23370,23372,23370,10,-10
2025-01-21 16:07:01.577,23370,23372,23369,1,-1
2025-01-21 16:07:01.577,23370,23372,23369,1,-1
2025-01-21 16:07:01.577,23370,23372,23369,1,-1
2025-01-21 16:07:01.577,23370,23372,23369,1,-1
2025-01-21 16:07:01.577,23370,23372,23369,1,-1
2025-01-21 16:07:01.612,23368,23370,23368,1,-1
2025-01-21 16:07:01.638,23368,23370,23368,1,-1
2025-01-21 16:07:01.639,23368,23370,23368,2,-2
2025-01-21 16:07:03.673,23368,23369,23368,1,-1
2025-01-21 16:07:03.675,23368,23369,23368,1,-1
2025-01-21 16:07:03.675,23368,23369,23368,1,-1
2025-01-21 16:07:03.676,23368,23369,23367,3,-3
2025-01-21 16:07:05.243,23367,23369,23369,1,1
2025-01-21 16:07:06.103,23367,23370,23370,1,1
2025-01-21 16:07:24.272,23369,23370,23369,1,-1
2025-01-21 16:07:25.126,23367,23370,23370,1,1
2025-01-21 16:07:36.433,23371,23372,23371,2,-2
2025-01-21 16:07:37.991,23370,23372,23372,1,1
2025-01-21 16:07:52.288,23370,23372,23370,1,-1
2025-01-21 16:07:55.106,23371,23372,23372,1,1
2025-01-21 16:07:55.314,23371,23373,23373,1,1
2025-01-21 16:07:59.369,23373,23374,23374,1,1
2025-01-21 16:08:02.580,23372,23374,23374,2,2
2025-01-21 16:08:05.539,23372,23374,23374,1,1
2025-01-21 16:08:05.540,23372,23374,23374,3,3
2025-01-21 16:08:05.550,23372,23374,23374,1,1
2025-01-21 16:08:09.026,23372,23374,23374,1,1
2025-01-21 16:08:09.545,23372,23374,23374,2,2
2025-01-21 16:08:14.203,23374,23375,23375,1,1
2025-01-21 16:08:14.203,23374,23375,23375,1,1
2025-01-21 16:08:14.203,23374,23375,23375,1,1
2025-01-21 16:08:27.197,23372,23374,23374,1,1
2025-01-21 16:08:27.558,23372,23374,23375,1,1
2025-01-21 16:08:30.813,23372,23375,23375,1,1
2025-01-21 16:08:31.993,23372,23375,23372,1,-1
2025-01-21 16:08:39.816,23374,23376,23376,1,1
2025-01-21 16:08:40.195,23376,23377,23376,2,-2
2025-01-21 16:08:43.245,23376,23377,23377,1,1
2025-01-21 16:08:44.738,23376,23378,23376,1,-1
2025-01-21 16:08:52.702,23376,23378,23376,1,-1
2025-01-21 16:08:52.925,23376,23378,23376,1,-1
2025-01-21 16:08:55.731,23376,23378,23376,1,-1
2025-01-21 16:08:55.731,23376,23378,23376,1,-1
2025-01-21 16:08:55.731,23376,23378,23376,1,-1
2025-01-21 16:09:03.945,23375,23376,23376,1,1
2025-01-21 16:09:06.775,23377,23378,23377,1,-1
2025-01-21 16:09:07.516,23376,23378,23378,1,1
2025-01-21 16:09:07.533,23376,23378,23379,1,1
2025-01-21 16:09:19.689,23378,23379,23379,2,2
2025-01-21 16:09:22.972,23378,23379,23379,1,1
2025-01-21 16:09:25.671,23379,23380,23380,1,1
2025-01-21 16:09:25.672,23379,23380,23380,3,3
2025-01-21 16:09:26.565,23380,23381,23381,1,1
2025-01-21 16:09:26.565,23380,23381,23381,1,1
2025-01-21 16:09:29.365,23381,23382,23382,1,1
2025-01-21 16:09:35.530,23382,23383,23382,2,-2
2025-01-21 16:09:35.531,23382,23383,23381,1,-1
2025-01-21 16:09:35.643,23379,23381,23381,1,1
2025-01-21 16:09:45.791,23380,23383,23383,1,1
2025-01-21 16:09:45.898,23380,23383,23383,1,1
2025-01-21 16:09:48.464,23381,23382,23382,1,1
2025-01-21 16:09:48.464,23381,23382,23384,1,1
2025-01-21 16:09:48.516,23381,23384,23384,1,1
2025-01-21 16:09:53.554,23382,23384,23384,1,1
2025-01-21 16:10:08.924,23383,23385,23384,1,1
2025-01-21 16:10:14.107,23384,23385,23385,2,2
2025-01-21 16:10:16.664,23385,23386,23386,1,1
2025-01-21 16:10:20.333,23386,23388,23388,1,1
2025-01-21 16:10:22.510,23388,23389,23388,1,-1
2025-01-21 16:10:24.287,23388,23389,23388,1,-1
2025-01-21 16:10:26.707,23386,23388,23386,1,-1
2025-01-21 16:10:26.732,23385,23387,23385,1,-1
2025-01-21 16:10:26.733,23385,23387,23385,1,-1
2025-01-21 16:10:26.733,23385,23387,23385,1,-1
2025-01-21 16:10:26.930,23383,23385,23385,1,1
2025-01-21 16:10:34.112,23383,23386,23386,1,1
2025-01-21 16:10:34.307,23383,23386,23386,1,1
2025-01-21 16:10:46.972,23386,23388,23388,1,1
2025-01-21 16:10:49.007,23387,23388,23387,1,-1
2025-01-21 16:10:51.317,23387,23388,23387,1,-1
2025-01-21 16:11:08.821,23387,23388,23387,1,-1
2025-01-21 16:11:23.024,23387,23388,23388,1,1
2025-01-21 16:11:23.024,23387,23388,23388,1,1
2025-01-21 16:11:23.024,23387,23388,23388,1,1
2025-01-21 16:11:23.024,23387,23388,23388,2,2
2025-01-21 16:11:27.568,23387,23388,23387,1,-1
2025-01-21 16:11:27.994,23387,23388,23388,1,1
2025-01-21 16:11:31.570,23386,23388,23388,1,1
2025-01-21 16:11:36.983,23387,23388,23388,1,1
2025-01-21 16:11:50.536,23387,23388,23388,1,1
2025-01-21 16:11:53.774,23386,23388,23388,1,1
2025-01-21 16:11:53.776,23386,23388,23388,2,2
2025-01-21 16:11:55.015,23387,23389,23390,4,4
2025-01-21 16:11:55.015,23387,23389,23389,4,4
2025-01-21 16:11:55.015,23387,23389,23389,1,1
2025-01-21 16:11:55.015,23387,23389,23390,1,1
2025-01-21 16:11:55.015,23387,23389,23390,2,2
2025-01-21 16:11:55.045,23387,23389,23391,1,1
2025-01-21 16:11:55.155,23390,23391,23390,1,-1
2025-01-21 16:11:55.468,23389,23391,23391,2,2
2025-01-21 16:11:55.926,23389,23391,23391,1,1
2025-01-21 16:11:57.561,23390,23392,23392,1,1
2025-01-21 16:11:57.606,23390,23392,23392,3,3
2025-01-21 16:11:57.606,23390,23392,23393,1,1
2025-01-21 16:11:59.380,23392,23393,23392,1,-1
2025-01-21 16:12:06.114,23391,23392,23392,2,2
2025-01-21 16:12:06.114,23391,23392,23393,1,1
2025-01-21 16:12:08.322,23391,23393,23393,1,1
2025-01-21 16:12:12.941,23390,23392,23389,1,-1
2025-01-21 16:12:24.412,23388,23389,23388,1,-1
2025-01-21 16:12:29.754,23387,23388,23387,1,-1
2025-01-21 16:12:29.757,23387,23388,23384,1,-1
2025-01-21 16:12:29.757,23387,23388,23385,1,-1
2025-01-21 16:12:29.757,23387,23388,23386,2,-2
2025-01-21 16:12:29.757,23387,23388,23385,2,-2
2025-01-21 16:12:30.475,23383,23385,23385,1,1
2025-01-21 16:12:34.130,23384,23387,23384,1,-1
2025-01-21 16:12:34.292,23384,23387,23384,1,-1
2025-01-21 16:12:35.831,23385,23387,23385,1,-1
2025-01-21 16:12:37.536,23385,23387,23385,1,-1
2025-01-21 16:12:39.526,23385,23387,23387,1,1
2025-01-21 16:12:45.631,23387,23389,23387,1,-1
2025-01-21 16:12:49.422,23388,23389,23388,1,-1
2025-01-21 16:12:50.683,23386,23388,23386,2,-2
2025-01-21 16:13:04.403,23386,23388,23388,1,1
2025-01-21 16:13:04.403,23386,23388,23388,1,1
2025-01-21 16:13:04.403,23386,23388,23388,1,1
2025-01-21 16:13:04.403,23386,23388,23388,1,1
2025-01-21 16:13:04.403,23386,23388,23388,1,1
2025-01-21 16:13:04.415,23386,23388,23389,3,3
2025-01-21 16:13:06.356,23390,23392,23390,2,-2
2025-01-21 16:13:06.356,23390,23392,23389,1,-1
2025-01-21 16:13:13.187,23389,23391,23391,1,1
2025-01-21 16:13:13.187,23389,23391,23391,1,1
2025-01-21 16:13:20.395,23388,23391,23391,1,1
2025-01-21 16:13:36.099,23387,23390,23390,1,1
2025-01-21 16:13:39.285,23388,23389,23388,1,-1
2025-01-21 16:13:41.130,23387,23388,23387,1,-1
2025-01-21 16:13:44.522,23386,23387,23386,1,-1
2025-01-21 16:13:49.663,23386,23389,23386,1,-1
2025-01-21 16:13:57.967,23385,23386,23385,1,-1
2025-01-21 16:14:20.468,23385,23386,23385,1,-1
2025-01-21 16:14:22.895,23385,23386,23386,1,1
2025-01-21 16:14:22.895,23385,23386,23387,1,1
2025-01-21 16:14:23.850,23385,23386,23385,1,-1
2025-01-21 16:14:23.850,23385,23386,23385,1,-1
2025-01-21 16:14:31.084,23385,23386,23385,1,-1
2025-01-21 16:14:31.603,23384,23385,23384,1,-1
2025-01-21 16:14:31.635,23384,23385,23383,1,-1
2025-01-21 16:14:33.856,23383,23384,23384,1,1
2025-01-21 16:15:00.454,23383,23384,23383,1,-1
2025-01-21 16:15:00.455,23383,23384,23383,1,-1
2025-01-21 16:15:00.455,23383,23384,23383,1,-1
2025-01-21 16:15:01.636,23381,23383,23381,2,-2
2025-01-21 16:15:09.620,23381,23383,23381,2,-2
2025-01-21 16:15:09.620,23381,23383,23380,1,-1
2025-01-21 16:15:09.774,23380,23383,23380,1,-1
2025-01-21 16:15:11.540,23380,23382,23380,1,-1
2025-01-21 16:15:16.404,23382,23383,23382,1,-1
2025-01-21 16:15:17.196,23380,23382,23380,1,-1
2025-01-21 16:15:20.743,23381,23383,23383,1,1
2025-01-21 16:15:44.303,23382,23384,23382,1,-1
2025-01-21 16:15:51.207,23381,23383,23380,1,-1
2025-01-21 16:15:54.007,23380,23383,23383,1,1
2025-01-21 16:16:02.391,23381,23383,23383,1,1
2025-01-21 16:16:02.978,23383,23384,23384,2,2
2025-01-21 16:16:07.268,23384,23385,23385,1,1
2025-01-21 16:16:12.406,23385,23386,23386,1,1
2025-01-21 16:16:17.487,23385,23387,23385,1,-1
2025-01-21 16:16:19.037,23384,23387,23384,1,-1
2025-01-21 16:16:19.103,23384,23386,23386,1,1
2025-01-21 16:16:19.103,23384,23386,23386,1,1
2025-01-21 16:16:19.103,23384,23386,23386,1,1
2025-01-21 16:16:24.821,23384,23387,23387,1,1
2025-01-21 16:16:41.867,23386,23387,23387,2,2
2025-01-21 16:16:47.518,23386,23387,23386,4,-4
2025-01-21 16:16:55.421,23384,23387,23387,4,4
2025-01-21 16:16:55.421,23384,23387,23388,1,1
2025-01-21 16:17:02.133,23385,23388,23385,1,-1
2025-01-21 16:17:10.252,23386,23388,23388,1,1
2025-01-21 16:17:10.759,23387,23390,23388,1,-1
2025-01-21 16:17:15.204,23389,23390,23390,1,1
2025-01-21 16:17:15.204,23389,23390,23390,1,1
2025-01-21 16:17:15.204,23389,23390,23390,2,2
2025-01-21 16:17:32.066,23387,23388,23387,1,-1
2025-01-21 16:17:37.656,23387,23388,23387,2,-2
2025-01-21 16:17:37.656,23387,23388,23387,1,-1
2025-01-21 16:17:45.188,23385,23387,23385,3,-3
2025-01-21 16:17:45.188,23385,23387,23384,2,-2
2025-01-21 16:17:57.933,23384,23386,23384,1,-1
2025-01-21 16:18:27.339,23384,23385,23384,1,-1
2025-01-21 16:18:27.339,23384,23385,23383,1,-1
2025-01-21 16:18:34.626,23381,23384,23381,3,-3
2025-01-21 16:18:41.747,23381,23384,23381,1,-1
2025-01-21 16:18:55.511,23382,23385,23385,2,2
2025-01-21 16:19:45.583,23383,23386,23383,1,-1
2025-01-21 16:19:50.506,23383,23385,23385,1,1
2025-01-21 16:19:54.347,23385,23386,23386,1,1
2025-01-21 16:19:58.424,23386,23387,23387,2,2
2025-01-21 16:19:59.183,23387,23389,23387,3,-3
2025-01-21 16:19:59.184,23387,23389,23386,1,-1
2025-01-21 16:19:59.192,23387,23389,23385,1,-1
2025-01-21 16:19:59.192,23387,23389,23384,3,-3
2025-01-21 16:19:59.192,23387,23389,23383,2,-2
2025-01-21 16:19:59.192,23387,23389,23383,4,-4
2025-01-21 16:19:59.244,23383,23385,23383,1,-1
2025-01-21 16:20:06.759,23383,23386,23386,2,2
2025-01-21 16:20:28.896,23384,23386,23384,1,-1
2025-01-21 16:20:35.471,23384,23386,23386,1,1
2025-01-21 16:21:19.782,23384,23386,23386,2,2
2025-01-21 16:21:50.055,23384,23385,23384,1,-1
2025-01-21 16:22:00.530,23382,23383,23382,1,-1
2025-01-21 16:22:13.013,23381,23384,23384,1,1
2025-01-21 16:22:13.014,23381,23384,23384,2,2
2025-01-21 16:22:13.022,23381,23384,23386,1,1
2025-01-21 16:22:38.674,23384,23386,23386,4,4
2025-01-21 16:23:01.092,23385,23386,23385,1,-1
2025-01-21 16:23:19.128,23384,23385,23385,1,1
2025-01-21 16:23:29.599,23383,23385,23382,1,-1
2025-01-21 16:23:29.599,23383,23385,23383,1,-1
2025-01-21 16:23:50.443,23383,23384,23383,2,-2
2025-01-21 16:24:11.679,23381,23382,23381,1,-1
2025-01-21 16:24:11.679,23381,23382,23381,1,-1
2025-01-21 16:24:11.701,23381,23382,23380,1,-1
2025-01-21 16:24:11.701,23381,23382,23380,1,-1
2025-01-21 16:24:11.701,23381,23382,23380,1,-1
2025-01-21 16:24:12.161,23379,23380,23380,1,1
2025-01-21 16:24:12.161,23379,23380,23381,2,2
2025-01-21 16:24:49.482,23380,23381,23380,1,-1
2025-01-21 16:24:49.499,23380,23381,23379,2,-2
2025-01-21 16:24:49.499,23380,23381,23379,1,-1
2025-01-21 16:24:49.499,23380,23381,23379,2,-2
2025-01-21 16:24:49.499,23380,23381,23379,1,-1
2025-01-21 16:24:49.500,23380,23381,23379,5,-5
2025-01-21 16:24:52.094,23376,23378,23378,1,1
2025-01-21 16:24:52.094,23376,23378,23378,1,1
2025-01-21 16:24:55.644,23377,23380,23377,2,-2
2025-01-21 16:24:59.507,23378,23380,23378,1,-1
2025-01-21 16:25:18.563,23377,23380,23377,2,-2
2025-01-21 16:25:21.857,23378,23380,23380,1,1
2025-01-21 16:25:25.082,23380,23381,23380,1,-1
2025-01-21 16:25:29.281,23379,23381,23381,1,1
2025-01-21 16:25:43.647,23377,23378,23378,3,3
2025-01-21 16:25:51.526,23379,23381,23379,2,-2
2025-01-21 16:25:54.012,23378,23379,23379,1,1
2025-01-21 16:25:54.142,23379,23381,23381,1,1
2025-01-21 16:26:03.493,23381,23382,23382,1,1
2025-01-21 16:26:03.815,23381,23383,23381,1,-1
2025-01-21 16:26:05.837,23381,23383,23383,3,3
2025-01-21 16:26:05.879,23382,23384,23384,1,1
2025-01-21 16:26:18.695,23382,23383,23382,1,-1
2025-01-21 16:26:18.695,23382,23383,23382,1,-1
2025-01-21 16:26:18.800,23381,23382,23381,2,-2
2025-01-21 16:26:18.800,23381,23382,23380,1,-1
2025-01-21 16:26:20.265,23379,23380,23380,3,3
2025-01-21 16:26:33.366,23380,23381,23380,1,-1
2025-01-21 16:26:33.366,23380,23381,23379,3,-3
2025-01-21 16:26:33.368,23380,23381,23378,2,-2
2025-01-21 16:26:33.481,23376,23378,23378,1,1
2025-01-21 16:26:35.566,23376,23378,23377,2,2
2025-01-21 16:26:36.515,23376,23378,23378,1,1
2025-01-21 16:26:47.199,23379,23380,23379,1,-1
2025-01-21 16:26:47.199,23379,23380,23378,2,-2
2025-01-21 16:26:47.199,23379,23380,23378,1,-1
2025-01-21 16:26:47.200,23379,23380,23378,1,-1
2025-01-21 16:26:56.066,23379,23380,23379,1,-1
2025-01-21 16:27:03.156,23378,23380,23378,3,-3
2025-01-21 16:27:03.684,23377,23378,23377,1,-1
2025-01-21 16:27:05.347,23376,23378,23377,2,-2
2025-01-21 16:27:05.347,23376,23378,23378,2,2
2025-01-21 16:27:05.347,23376,23378,23379,1,1
2025-01-21 16:27:16.052,23377,23378,23378,1,1
2025-01-21 16:27:21.199,23377,23378,23377,1,-1
2025-01-21 16:27:21.200,23377,23378,23377,1,-1
2025-01-21 16:27:21.227,23376,23377,23377,1,1
2025-01-21 16:27:21.227,23376,23377,23378,1,1
2025-01-21 16:27:21.228,23376,23377,23378,1,1
2025-01-21 16:27:21.228,23376,23377,23378,1,1
2025-01-21 16:27:21.228,23376,23377,23379,1,1
2025-01-21 16:27:21.233,23376,23377,23379,1,1
2025-01-21 16:27:40.931,23378,23379,23378,1,-1
2025-01-21 16:27:40.931,23378,23379,23378,1,-1
2025-01-21 16:27:40.957,23378,23379,23377,1,-1
2025-01-21 16:27:40.978,23376,23378,23378,1,1
2025-01-21 16:27:40.978,23376,23378,23378,1,1
2025-01-21 16:27:59.142,23377,23378,23378,1,1
2025-01-21 16:27:59.228,23377,23379,23379,1,1
2025-01-21 16:28:02.215,23378,23379,23379,1,1
2025-01-21 16:28:10.851,23378,23380,23380,1,1
2025-01-21 16:28:11.403,23380,23382,23380,1,-1
2025-01-21 16:28:11.403,23380,23382,23379,2,-2
2025-01-21 16:28:17.879,23378,23381,23378,1,-1
2025-01-21 16:28:24.170,23376,23378,23376,3,-3
2025-01-21 16:28:53.383,23376,23378,23376,1,-1
2025-01-21 16:30:03.024,23377,23379,23379,1,1
2025-01-21 16:30:05.464,23378,23380,23380,2,2
2025-01-21 16:30:07.821,23380,23382,23382,1,1
2025-01-21 16:30:10.336,23381,23383,23383,1,1
2025-01-21 16:30:26.516,23382,23383,23382,2,-2
2025-01-21 16:30:31.291,23380,23381,23380,1,-1
2025-01-21 16:30:51.109,23380,23381,23381,1,1
2025-01-21 16:30:51.169,23380,23381,23381,1,1
2025-01-21 16:30:51.169,23380,23381,23381,1,1
2025-01-21 16:31:03.631,23381,23382,23382,2,2
2025-01-21 16:31:03.631,23381,23382,23382,1,1
2025-01-21 16:31:03.632,23381,23382,23383,3,3
2025-01-21 16:31:03.632,23381,23382,23384,1,1
2025-01-21 16:31:03.658,23381,23382,23384,1,1
2025-01-21 16:31:03.658,23381,23382,23384,1,1
2025-01-21 16:31:03.665,23381,23382,23385,1,1
2025-01-21 16:31:03.731,23383,23385,23385,1,1
2025-01-21 16:31:03.731,23383,23385,23386,1,1
2025-01-21 16:31:03.732,23383,23385,23386,1,1
2025-01-21 16:31:04.487,23383,23386,23383,1,-1
2025-01-21 16:31:06.454,23383,23386,23383,2,-2
2025-01-21 16:31:09.299,23383,23385,23385,1,1
2025-01-21 16:31:09.299,23383,23385,23386,1,1
2025-01-21 16:31:09.353,23383,23386,23386,1,1
2025-01-21 16:31:09.353,23383,23386,23386,1,1
2025-01-21 16:31:12.004,23383,23385,23385,1,1
2025-01-21 16:31:22.790,23384,23385,23385,1,1
2025-01-21 16:31:23.817,23384,23385,23385,1,1
2025-01-21 16:31:23.853,23384,23386,23386,1,1
2025-01-21 16:31:23.854,23384,23386,23387,1,1
2025-01-21 16:31:23.854,23384,23386,23387,1,1
2025-01-21 16:31:23.907,23384,23386,23388,1,1
2025-01-21 16:31:38.136,23386,23387,23386,3,-3
2025-01-21 16:31:40.185,23385,23387,23385,2,-2
2025-01-21 16:31:40.213,23385,23387,23385,1,-1
2025-01-21 16:31:41.533,23385,23386,23385,1,-1
2025-01-21 16:31:43.383,23384,23385,23385,1,1
2025-01-21 16:31:47.013,23384,23387,23384,1,-1
2025-01-21 16:31:47.013,23384,23387,23384,1,-1
2025-01-21 16:32:01.665,23384,23386,23384,1,-1
2025-01-21 16:32:01.728,23383,23386,23386,1,1
2025-01-21 16:32:05.576,23383,23385,23385,1,1
2025-01-21 16:32:22.989,23382,23384,23384,3,3
2025-01-21 16:32:27.023,23384,23385,23385,2,2
2025-01-21 16:32:53.025,23386,23387,23386,1,-1
2025-01-21 16:33:06.623,23385,23386,23385,1,-1
2025-01-21 16:33:14.139,23384,23386,23385,1,-1
2025-01-21 16:33:22.438,23385,23386,23386,1,1
2025-01-21 16:33:25.306,23385,23387,23387,1,1
2025-01-21 16:33:29.094,23385,23387,23387,2,2
2025-01-21 16:33:29.105,23386,23388,23388,1,1
2025-01-21 16:33:29.320,23386,23388,23388,1,1
2025-01-21 16:33:29.322,23386,23388,23388,2,2
2025-01-21 16:33:46.475,23387,23388,23388,1,1
2025-01-21 16:33:49.453,23388,23389,23389,3,3
2025-01-21 16:33:49.630,23389,23390,23390,1,1
2025-01-21 16:33:49.631,23389,23390,23390,1,1
2025-01-21 16:33:58.453,23389,23392,23392,1,1
2025-01-21 16:34:00.531,23389,23391,23391,1,1
2025-01-21 16:34:00.610,23390,23392,23390,1,-1
2025-01-21 16:34:00.610,23390,23392,23390,3,-3
2025-01-21 16:34:07.517,23389,23390,23390,1,1
2025-01-21 16:34:09.798,23389,23390,23390,1,1
2025-01-21 16:34:12.089,23389,23390,23389,2,-2
2025-01-21 16:34:14.145,23388,23390,23388,1,-1
2025-01-21 16:34:14.145,23388,23390,23387,3,-3
2025-01-21 16:34:14.145,23388,23390,23386,1,-1
2025-01-21 16:34:22.918,23388,23391,23388,1,-1
2025-01-21 16:34:35.976,23389,23391,23391,2,2
2025-01-21 16:34:35.977,23389,23391,23392,3,3
2025-01-21 16:34:35.978,23389,23391,23393,1,1
2025-01-21 16:34:35.979,23389,23391,23393,1,1
2025-01-21 16:34:41.469,23391,23393,23391,1,-1
2025-01-21 16:34:41.835,23390,23392,23392,1,1
2025-01-21 16:34:46.524,23390,23392,23392,1,1
2025-01-21 16:34:50.047,23391,23392,23392,1,1
2025-01-21 16:34:50.056,23391,23392,23393,1,1
2025-01-21 16:34:50.084,23391,23392,23393,10,10
2025-01-21 16:34:50.100,23393,23394,23394,1,1
2025-01-21 16:34:50.273,23393,23394,23394,1,1
2025-01-21 16:34:50.274,23393,23394,23394,1,1
2025-01-21 16:34:50.325,23393,23394,23394,1,1
2025-01-21 16:34:50.326,23393,23394,23394,1,1
2025-01-21 16:34:50.326,23393,23394,23394,1,1
2025-01-21 16:34:50.569,23393,23394,23394,1,1
2025-01-21 16:34:50.569,23393,23394,23394,2,2
2025-01-21 16:34:50.590,23393,23394,23394,1,1
2025-01-21 16:34:50.593,23393,23394,23395,1,1
2025-01-21 16:34:53.248,23393,23395,23395,4,4
2025-01-21 16:34:53.688,23393,23395,23393,1,-1
2025-01-21 16:34:54.812,23393,23395,23393,1,-1
2025-01-21 16:34:57.941,23391,23394,23393,1,1
2025-01-21 16:35:03.708,23394,23395,23394,1,-1
2025-01-21 16:35:04.283,23392,23395,23395,1,1
2025-01-21 16:35:12.093,23393,23395,23395,1,1
2025-01-21 16:35:13.729,23393,23395,23395,1,1
2025-01-21 16:35:15.571,23393,23395,23393,1,-1
2025-01-21 16:35:19.906,23392,23393,23393,1,1
2025-01-21 16:35:20.409,23393,23395,23395,1,1
2025-01-21 16:35:22.256,23394,23395,23395,1,1
2025-01-21 16:35:25.716,23394,23395,23395,1,1
2025-01-21 16:35:25.716,23394,23395,23395,1,1
2025-01-21 16:35:25.716,23394,23395,23395,1,1
2025-01-21 16:35:25.716,23394,23395,23395,1,1
2025-01-21 16:35:29.010,23394,23395,23395,1,1
2025-01-21 16:35:34.354,23395,23396,23396,1,1
2025-01-21 16:35:34.356,23395,23396,23396,4,4
2025-01-21 16:35:34.356,23395,23396,23397,2,2
2025-01-21 16:35:34.359,23395,23396,23397,5,5
2025-01-21 16:35:34.359,23395,23396,23398,3,3
2025-01-21 16:35:34.359,23395,23396,23398,4,4
2025-01-21 16:35:34.360,23395,23396,23398,4,4
2025-01-21 16:35:34.360,23395,23396,23398,1,1
2025-01-21 16:35:34.412,23395,23396,23399,1,1
2025-01-21 16:35:34.422,23395,23396,23399,5,5
2025-01-21 16:35:34.430,23395,23396,23399,2,2
2025-01-21 16:35:34.507,23398,23399,23399,1,1
2025-01-21 16:35:34.564,23398,23399,23399,1,1
2025-01-21 16:35:34.631,23398,23399,23399,4,4
2025-01-21 16:35:34.656,23398,23399,23399,1,1
2025-01-21 16:35:34.665,23398,23399,23399,1,1
2025-01-21 16:35:34.759,23397,23399,23399,1,1
2025-01-21 16:35:34.759,23397,23399,23400,1,1
2025-01-21 16:35:34.780,23397,23399,23399,1,1
2025-01-21 16:35:34.866,23397,23399,23399,1,1
2025-01-21 16:35:34.866,23397,23399,23400,1,1
2025-01-21 16:35:34.879,23397,23399,23399,1,1
2025-01-21 16:35:34.881,23397,23399,23400,1,1
2025-01-21 16:35:35.111,23396,23398,23399,3,3
2025-01-21 16:35:35.111,23396,23398,23398,2,2
2025-01-21 16:35:35.113,23396,23398,23399,3,3
2025-01-21 16:35:35.113,23396,23398,23400,51,51
2025-01-21 16:35:35.114,23396,23398,23401,1,1
2025-01-21 16:35:35.115,23396,23398,23401,1,1
2025-01-21 16:35:35.229,23400,23402,23402,1,1
2025-01-21 16:35:35.229,23400,23402,23402,2,2
2025-01-21 16:35:35.301,23400,23402,23400,4,-4
2025-01-21 16:35:35.342,23400,23402,23401,1,-1
2025-01-21 16:35:35.801,23399,23401,23401,1,1
2025-01-21 16:35:36.064,23399,23401,23399,1,-1
2025-01-21 16:35:36.118,23399,23401,23401,1,1
2025-01-21 16:35:40.104,23400,23401,23400,1,-1
2025-01-21 16:35:40.195,23400,23401,23401,2,2
2025-01-21 16:35:42.207,23400,23401,23400,2,-2
2025-01-21 16:35:42.471,23398,23401,23401,1,1
2025-01-21 16:35:42.637,23398,23400,23399,1,1
2025-01-21 16:35:42.759,23398,23400,23400,1,1
2025-01-21 16:35:46.728,23400,23401,23401,1,1
2025-01-21 16:35:47.368,23400,23402,23400,2,-2
2025-01-21 16:35:47.369,23400,23402,23400,2,-2
2025-01-21 16:35:49.204,23397,23399,23398,1,-1
2025-01-21 16:35:54.383,23395,23397,23397,1,1
